<?xml version="1.0" encoding="UTF-8"?>
<!DOCTYPE html PUBLIC "-//W3C//DTD XHTML 1.0 Transitional//EN"
    "http://www.w3.org/TR/xhtml1/DTD/xhtml1-transitional.dtd">
<html xmlns="http://www.w3.org/1999/xhtml" xml:lang="en" lang="en">
 <head>
  <title>
</title>
<meta http-equiv="Content-Type" content="text/html;charset=utf-8" />
  <meta name='ocr-system' content='tesseract 3.04.00' />
  <meta name='ocr-capabilities' content='ocr_page ocr_carea ocr_par ocr_line ocrx_word'/>
</head>
<body>
  <div class='ocr_page' id='page_1' title='image "apersiiflacciet02weisgoog_0053.png"; bbox 0 0 2209 3217; ppageno 0'>
   <div class='ocr_carea' id='block_1_1' title="bbox 54 2175 63 2440">
    <p class='ocr_par' dir='ltr' id='par_1_1' title="bbox 54 2175 63 2440">
     <span class='ocr_line' id='line_1_1' title="bbox 54 2175 63 2440; textangle 90"><span class='ocrx_word' id='word_1_1' title='bbox 54 2317 63 2440; x_wconf 77' lang='lat'>=-—-..-.-.—-</span> <span class='ocrx_word' id='word_1_2' title='bbox 58 2175 63 2310; x_wconf 78' lang='lat'><em>--.—--</em></span> 
     </span>
    </p>
   </div>
   <div class='ocr_carea' id='block_1_2' title="bbox 764 228 1683 279">
    <p class='ocr_par' dir='ltr' id='par_1_2' title="bbox 764 228 1683 279">
     <span class='ocr_line' id='line_1_2' title="bbox 764 228 1683 279; baseline 0.005 -5"><span class='ocrx_word' id='word_1_3' title='bbox 764 229 1054 277; x_wconf 64' lang='lat' dir='ltr'>SATIRA</span> <span class='ocrx_word' id='word_1_4' title='bbox 1086 231 1150 278; x_wconf 82' lang='grc' dir='ltr'><strong>Π.</strong></span> <span class='ocrx_word' id='word_1_5' title='bbox 1627 228 1683 279; x_wconf 77' lang='grc'><strong>41</strong></span> 
     </span>
    </p>
   </div>
   <div class='ocr_carea' id='block_1_3' title="bbox 205 326 1810 1297">
    <p class='ocr_par' dir='ltr' id='par_1_3' title="bbox 207 326 1535 399">
     <span class='ocr_line' id='line_1_3' title="bbox 207 326 1535 399; baseline 0 -14"><span class='ocrx_word' id='word_1_6' title='bbox 207 331 305 385; x_wconf 85' lang='lat' dir='ltr'><strong>Res</strong></span> <span class='ocrx_word' id='word_1_7' title='bbox 322 326 665 383; x_wconf 86' lang='lat' dir='ltr'><strong>memoranda</strong></span> <span class='ocrx_word' id='word_1_8' title='bbox 689 327 844 383; x_wconf 84' lang='lat' dir='ltr'><strong>novis</strong></span> <span class='ocrx_word' id='word_1_9' title='bbox 864 327 1149 384; x_wconf 80' lang='lat' dir='ltr'><strong>annalibus</strong></span> <span class='ocrx_word' id='word_1_10' title='bbox 1168 335 1326 399; x_wconf 83' lang='lat' dir='ltr'><strong>atque</strong></span> <span class='ocrx_word' id='word_1_11' title='bbox 1347 331 1535 387; x_wconf 86' lang='lat' dir='ltr'><strong>recenti</strong></span> 
     </span>
    </p>

    <p class='ocr_par' dir='ltr' id='par_1_4' title="bbox 206 401 1303 474">
     <span class='ocr_line' id='line_1_4' title="bbox 206 401 1303 474; baseline -0.003 -15"><span class='ocrx_word' id='word_1_12' title='bbox 206 403 420 459; x_wconf 82' lang='lat' dir='ltr'><strong>historia</strong></span> <span class='ocrx_word' id='word_1_13' title='bbox 438 401 714 474; x_wconf 85' lang='lat' dir='ltr'><strong>speculum</strong></span> <span class='ocrx_word' id='word_1_14' title='bbox 732 402 906 458; x_wconf 85' lang='lat' dir='ltr'><strong>civilis</strong></span> <span class='ocrx_word' id='word_1_15' title='bbox 931 402 1136 458; x_wconf 78' lang='lat' dir='ltr'><strong>sarcina</strong></span> <span class='ocrx_word' id='word_1_16' title='bbox 1157 401 1303 457; x_wconf 86' lang='lat' dir='ltr'><strong>belli.</strong></span> 
     </span>
    </p>

    <p class='ocr_par' dir='ltr' id='par_1_5' title="bbox 206 475 1645 551">
     <span class='ocr_line' id='line_1_5' title="bbox 206 475 1645 551; baseline -0.001 -18"><span class='ocrx_word' id='word_1_17' title='bbox 206 477 470 533; x_wconf 85' lang='lat' dir='ltr'><strong>Nimirum</strong></span> <span class='ocrx_word' id='word_1_18' title='bbox 492 477 692 532; x_wconf 89' lang='lat' dir='ltr'><strong>summi</strong></span> <span class='ocrx_word' id='word_1_19' title='bbox 712 477 864 532; x_wconf 87' lang='lat' dir='ltr'><strong>ducis</strong></span> <span class='ocrx_word' id='word_1_20' title='bbox 882 484 978 541; x_wconf 69' lang='lat' dir='ltr'><strong>aet,</strong></span> <span class='ocrx_word' id='word_1_21' title='bbox 1000 477 1234 533; x_wconf 89' lang='lat' dir='ltr'><strong>occidere</strong></span> <span class='ocrx_word' id='word_1_22' title='bbox 1254 475 1497 543; x_wconf 79' lang='lat' dir='ltr'><strong>Galbam,</strong></span> <span class='ocrx_word' id='word_1_23' title='bbox 1637 542 1645 551; x_wconf 42' lang='grc'><em>,</em></span> 
     </span>
    </p>

    <p class='ocr_par' dir='ltr' id='par_1_6' title="bbox 205 551 1807 697">
     <span class='ocr_line' id='line_1_6' title="bbox 206 551 1807 619; baseline 0 -12"><span class='ocrx_word' id='word_1_24' title='bbox 206 562 254 607; x_wconf 84' lang='lat' dir='ltr'><strong>et</strong></span> <span class='ocrx_word' id='word_1_25' title='bbox 270 569 456 608; x_wconf 86' lang='lat' dir='ltr'><strong>curare</strong></span> <span class='ocrx_word' id='word_1_26' title='bbox 471 558 644 606; x_wconf 88' lang='lat' dir='ltr'><strong>cutem</strong></span> <span class='ocrx_word' id='word_1_27' title='bbox 662 569 675 619; x_wconf 93' lang='lat'>;</span> <span class='ocrx_word' id='word_1_28' title='bbox 717 552 916 606; x_wconf 89' lang='lat' dir='ltr'><strong>summi</strong></span> <span class='ocrx_word' id='word_1_29' title='bbox 933 554 1227 610; x_wconf 83' lang='lat' dir='ltr'><strong>constantia</strong></span> <span class='ocrx_word' id='word_1_30' title='bbox 1246 551 1399 616; x_wconf 82' lang='lat' dir='ltr'><strong>civis,</strong></span> <span class='ocrx_word' id='word_1_31' title='bbox 1728 566 1807 608; x_wconf 84' lang='grc'><strong>105</strong></span> 
     </span>
     <span class='ocr_line' id='line_1_7' title="bbox 205 625 1428 697; baseline -0.002 -15"><span class='ocrx_word' id='word_1_32' title='bbox 205 626 437 682; x_wconf 81' lang='lat' dir='ltr'>Bebriaci</span> <span class='ocrx_word' id='word_1_33' title='bbox 457 625 515 680; x_wconf 88' lang='lat' dir='ltr'><strong>in</strong></span> <span class='ocrx_word' id='word_1_34' title='bbox 532 642 719 696; x_wconf 83' lang='lat' dir='ltr'><strong>campo</strong></span> <span class='ocrx_word' id='word_1_35' title='bbox 737 626 967 697; x_wconf 87' lang='lat' dir='ltr'><strong>spolium</strong></span> <span class='ocrx_word' id='word_1_36' title='bbox 989 627 1226 683; x_wconf 80' lang='lat' dir='ltr'><strong>affectare</strong></span> <span class='ocrx_word' id='word_1_37' title='bbox 1243 625 1428 691; x_wconf 70' lang='lat' dir='ltr'><strong>Palati,</strong></span> 
     </span>
    </p>

    <p class='ocr_par' dir='ltr' id='par_1_7' title="bbox 206 697 1536 775">
     <span class='ocr_line' id='line_1_8' title="bbox 206 697 1536 775; baseline -0.001 -19"><span class='ocrx_word' id='word_1_38' title='bbox 206 710 255 757; x_wconf 84' lang='lat' dir='ltr'><strong>et</strong></span> <span class='ocrx_word' id='word_1_39' title='bbox 270 718 517 773; x_wconf 71' lang='lat' dir='ltr'><strong>pressum</strong></span> <span class='ocrx_word' id='word_1_40' title='bbox 538 701 591 755; x_wconf 90' lang='lat' dir='ltr'><strong>in</strong></span> <span class='ocrx_word' id='word_1_41' title='bbox 611 699 796 755; x_wconf 81' lang='lat' dir='ltr'><strong>faciem</strong></span> <span class='ocrx_word' id='word_1_42' title='bbox 814 697 996 775; x_wconf 81' lang='lat' dir='ltr'><strong>digitis</strong></span> <span class='ocrx_word' id='word_1_43' title='bbox 1013 702 1294 757; x_wconf 85' lang='lat' dir='ltr'><strong>extendere</strong></span> <span class='ocrx_word' id='word_1_44' title='bbox 1316 718 1506 773; x_wconf 88' lang='lat' dir='ltr'><strong>panem</strong></span> <span class='ocrx_word' id='word_1_45' title='bbox 1524 719 1536 768; x_wconf 93' lang='lat'>;</span> 
     </span>
    </p>

    <p class='ocr_par' dir='ltr' id='par_1_8' title="bbox 206 773 1582 849">
     <span class='ocr_line' id='line_1_9' title="bbox 206 773 1582 849; baseline 0 -18"><span class='ocrx_word' id='word_1_46' title='bbox 206 776 350 848; x_wconf 89' lang='lat' dir='ltr'><strong>quod</strong></span> <span class='ocrx_word' id='word_1_47' title='bbox 368 792 467 829; x_wconf 88' lang='lat' dir='ltr'><strong>nec</strong></span> <span class='ocrx_word' id='word_1_48' title='bbox 485 773 543 829; x_wconf 90' lang='lat' dir='ltr'><strong>in</strong></span> <span class='ocrx_word' id='word_1_49' title='bbox 560 774 780 849; x_wconf 83' lang='lat' dir='ltr'><strong>Assyrio</strong></span> <span class='ocrx_word' id='word_1_50' title='bbox 797 776 1090 846; x_wconf 76' lang='lat' dir='ltr'><strong>pharetrata</strong></span> <span class='ocrx_word' id='word_1_51' title='bbox 1108 776 1417 832; x_wconf 76' lang='lat' dir='ltr'><strong>Semiramis</strong></span> <span class='ocrx_word' id='word_1_52' title='bbox 1436 776 1582 841; x_wconf 88' lang='lat' dir='ltr'><strong>orbe,</strong></span> 
     </span>
    </p>

    <p class='ocr_par' dir='ltr' id='par_1_9' title="bbox 206 848 1382 922">
     <span class='ocr_line' id='line_1_10' title="bbox 206 848 1382 922; baseline 0.003 -18"><span class='ocrx_word' id='word_1_53' title='bbox 206 858 404 906; x_wconf 70' lang='lat' dir='ltr'><strong>moesta</strong></span> <span class='ocrx_word' id='word_1_54' title='bbox 431 865 528 903; x_wconf 88' lang='lat' dir='ltr'><strong>nec</strong></span> <span class='ocrx_word' id='word_1_55' title='bbox 545 848 751 905; x_wconf 83' lang='lat' dir='ltr'><strong>Actiaca</strong></span> <span class='ocrx_word' id='word_1_56' title='bbox 768 849 886 905; x_wconf 83' lang='lat' dir='ltr'><strong>fecit</strong></span> <span class='ocrx_word' id='word_1_57' title='bbox 903 850 1172 922; x_wconf 76' lang='lat' dir='ltr'><strong>Cleopatra</strong></span> <span class='ocrx_word' id='word_1_58' title='bbox 1189 851 1382 907; x_wconf 87' lang='lat' dir='ltr'><strong>carina.</strong></span> 
     </span>
    </p>

    <p class='ocr_par' dir='ltr' id='par_1_10' title="bbox 206 922 1810 1072">
     <span class='ocr_line' id='line_1_11' title="bbox 206 922 1810 995; baseline -0.001 -15"><span class='ocrx_word' id='word_1_59' title='bbox 206 925 301 980; x_wconf 86' lang='lat' dir='ltr'><strong>Hic</strong></span> <span class='ocrx_word' id='word_1_60' title='bbox 326 922 513 978; x_wconf 87' lang='lat' dir='ltr'><strong>nullus</strong></span> <span class='ocrx_word' id='word_1_61' title='bbox 532 923 710 978; x_wconf 85' lang='lat' dir='ltr'><strong>verbis</strong></span> <span class='ocrx_word' id='word_1_62' title='bbox 729 924 917 995; x_wconf 88' lang='lat' dir='ltr'><strong>pudor,</strong></span> <span class='ocrx_word' id='word_1_63' title='bbox 943 933 1033 980; x_wconf 90' lang='lat' dir='ltr'><strong>aut</strong></span> <span class='ocrx_word' id='word_1_64' title='bbox 1049 927 1337 981; x_wconf 84' lang='lat' dir='ltr'><strong>reverentia</strong></span> <span class='ocrx_word' id='word_1_65' title='bbox 1361 943 1595 982; x_wconf 80' lang='lat' dir='ltr'><strong>mensae.</strong></span> <span class='ocrx_word' id='word_1_66' title='bbox 1733 937 1810 980; x_wconf 90' lang='grc'><strong>110</strong></span> 
     </span>
     <span class='ocr_line' id='line_1_12' title="bbox 206 997 1404 1072; baseline 0.002 -19"><span class='ocrx_word' id='word_1_67' title='bbox 206 1000 304 1053; x_wconf 84' lang='lat' dir='ltr'><strong>Hic</strong></span> <span class='ocrx_word' id='word_1_68' title='bbox 316 998 497 1069; x_wconf 81' lang='lat' dir='ltr'><strong>turpis</strong></span> <span class='ocrx_word' id='word_1_69' title='bbox 517 997 743 1071; x_wconf 81' lang='lat' dir='ltr'><strong>Cybeles</strong></span> <span class='ocrx_word' id='word_1_70' title='bbox 759 1006 811 1053; x_wconf 86' lang='lat' dir='ltr'><strong>et</strong></span> <span class='ocrx_word' id='word_1_71' title='bbox 826 998 985 1054; x_wconf 83' lang='lat' dir='ltr'><strong>fracta</strong></span> <span class='ocrx_word' id='word_1_72' title='bbox 1003 1017 1131 1056; x_wconf 86' lang='lat' dir='ltr'><strong>voce</strong></span> <span class='ocrx_word' id='word_1_73' title='bbox 1151 1000 1404 1072; x_wconf 84' lang='lat' dir='ltr'><strong>loquendi</strong></span> 
     </span>
    </p>

    <p class='ocr_par' dir='ltr' id='par_1_11' title="bbox 208 1073 1332 1145">
     <span class='ocr_line' id='line_1_13' title="bbox 208 1073 1332 1145; baseline 0.001 -16"><span class='ocrx_word' id='word_1_74' title='bbox 208 1073 442 1138; x_wconf 77' lang='lat' dir='ltr'><strong>libertaS,</strong></span> <span class='ocrx_word' id='word_1_75' title='bbox 466 1079 517 1127; x_wconf 89' lang='lat' dir='ltr'><strong>et</strong></span> <span class='ocrx_word' id='word_1_76' title='bbox 531 1073 676 1128; x_wconf 86' lang='lat' dir='ltr'><strong>crine</strong></span> <span class='ocrx_word' id='word_1_77' title='bbox 692 1090 856 1128; x_wconf 83' lang='lat' dir='ltr'><strong>senex</strong></span> <span class='ocrx_word' id='word_1_78' title='bbox 873 1073 1188 1145; x_wconf 81' lang='lat' dir='ltr'><strong>phanaticus</strong></span> <span class='ocrx_word' id='word_1_79' title='bbox 1209 1074 1332 1130; x_wconf 86' lang='lat' dir='ltr'><strong>albo</strong></span> 
     </span>
    </p>

    <p class='ocr_par' dir='ltr' id='par_1_12' title="bbox 206 1148 1692 1297">
     <span class='ocr_line' id='line_1_14' title="bbox 208 1148 1692 1223; baseline 0.001 -20"><span class='ocrx_word' id='word_1_80' title='bbox 208 1164 480 1203; x_wconf 87' lang='lat' dir='ltr'><strong>sacrorum</strong></span> <span class='ocrx_word' id='word_1_81' title='bbox 500 1148 736 1212; x_wconf 85' lang='lat' dir='ltr'><strong>antistes,</strong></span> <span class='ocrx_word' id='word_1_82' title='bbox 759 1165 943 1203; x_wconf 85' lang='lat' dir='ltr'><strong>rarum</strong></span> <span class='ocrx_word' id='word_1_83' title='bbox 968 1165 1030 1203; x_wconf 82' lang='lat' dir='ltr'><strong>ac</strong></span> <span class='ocrx_word' id='word_1_84' title='bbox 1047 1148 1390 1206; x_wconf 78' lang='lat' dir='ltr'><strong>memorabile</strong></span> <span class='ocrx_word' id='word_1_85' title='bbox 1406 1150 1586 1223; x_wconf 77' lang='lat' dir='ltr'><strong>magni</strong></span> <span class='ocrx_word' id='word_1_86' title='bbox 1681 1149 1692 1164; x_wconf 85' lang='lat'>&#39;</span> 
     </span>
     <span class='ocr_line' id='line_1_15' title="bbox 206 1221 1546 1297; baseline 0.001 -20"><span class='ocrx_word' id='word_1_87' title='bbox 206 1222 440 1297; x_wconf 81' lang='lat' dir='ltr'><strong>gutturis</strong></span> <span class='ocrx_word' id='word_1_88' title='bbox 458 1221 764 1293; x_wconf 85' lang='lat' dir='ltr'><strong>exemplum</strong></span> <span class='ocrx_word' id='word_1_89' title='bbox 785 1221 1268 1294; x_wconf 76' lang='lat' dir='ltr'><strong>conducendusque</strong></span> <span class='ocrx_word' id='word_1_90' title='bbox 1285 1224 1546 1297; x_wconf 81' lang='lat' dir='ltr'><strong>magister.</strong></span> 
     </span>
    </p>
   </div>
   <div class='ocr_carea' id='block_1_4' title="bbox 126 1297 1656 1388">
    <p class='ocr_par' dir='ltr' id='par_1_13' title="bbox 126 1297 1656 1388">
     <span class='ocr_line' id='line_1_16' title="bbox 126 1297 1656 1388; baseline 0.001 -36"><span class='ocrx_word' id='word_1_91' title='bbox 126 1381 131 1388; x_wconf 29' lang='grc' dir='ltr'>ι</span> <span class='ocrx_word' id='word_1_92' title='bbox 207 1297 351 1365; x_wconf 84' lang='lat' dir='ltr'><strong>Quid</strong></span> <span class='ocrx_word' id='word_1_93' title='bbox 369 1304 548 1360; x_wconf 81' lang='lat' dir='ltr'><strong>tamen</strong></span> <span class='ocrx_word' id='word_1_94' title='bbox 568 1303 891 1368; x_wconf 83' lang='lat' dir='ltr'><strong>exspectant,</strong></span> <span class='ocrx_word' id='word_1_95' title='bbox 913 1297 1149 1385; x_wconf 77' lang='lat' dir='ltr'><strong>Phrygio</strong></span> <span class='ocrx_word' id='word_1_96' title='bbox 1161 1314 1297 1369; x_wconf 80' lang='lat' dir='ltr'><strong>quos</strong></span> <span class='ocrx_word' id='word_1_97' title='bbox 1316 1310 1525 1371; x_wconf 81' lang='lat' dir='ltr'><strong>tempus</strong></span> <span class='ocrx_word' id='word_1_98' title='bbox 1545 1306 1656 1355; x_wconf 79' lang='lat' dir='ltr'><strong>erat</strong></span> 
     </span>
    </p>
   </div>
   <div class='ocr_carea' id='block_1_5' title="bbox 207 1384 1825 2784">
    <p class='ocr_par' dir='ltr' id='par_1_14' title="bbox 207 1384 1814 1593">
     <span class='ocr_line' id='line_1_17' title="bbox 719 1384 1814 1428; baseline 0.001 -4"><span class='ocrx_word' id='word_1_99' title='bbox 719 1419 722 1424; x_wconf 82' lang='grc'><strong>.</strong></span> <span class='ocrx_word' id='word_1_100' title='bbox 1127 1390 1234 1428; x_wconf 75' lang='lat' dir='ltr'><strong>iam</strong></span> <span class='ocrx_word' id='word_1_101' title='bbox 1734 1384 1814 1426; x_wconf 81' lang='lat'><strong>115</strong></span> 
     </span>
     <span class='ocr_line' id='line_1_18' title="bbox 208 1446 1553 1519; baseline 0.001 -18"><span class='ocrx_word' id='word_1_102' title='bbox 208 1464 356 1502; x_wconf 88' lang='lat' dir='ltr'><strong>more</strong></span> <span class='ocrx_word' id='word_1_103' title='bbox 372 1462 757 1517; x_wconf 83' lang='lat' dir='ltr'><strong>supervacuam</strong></span> <span class='ocrx_word' id='word_1_104' title='bbox 771 1446 954 1501; x_wconf 85' lang='lat' dir='ltr'><strong>cultris</strong></span> <span class='ocrx_word' id='word_1_105' title='bbox 973 1448 1290 1519; x_wconf 80' lang='lat' dir='ltr'><strong>abrumpere</strong></span> <span class='ocrx_word' id='word_1_106' title='bbox 1304 1448 1553 1504; x_wconf 67' lang='lat' dir='ltr'><strong>carnem?</strong></span> 
     </span>
     <span class='ocr_line' id='line_1_19' title="bbox 207 1520 1496 1593; baseline 0.001 -16"><span class='ocrx_word' id='word_1_107' title='bbox 207 1520 604 1593; x_wconf 76' lang='lat' dir='ltr'><strong>Quadringenta</strong></span> <span class='ocrx_word' id='word_1_108' title='bbox 623 1520 766 1575; x_wconf 81' lang='lat' dir='ltr'><strong>dedit</strong></span> <span class='ocrx_word' id='word_1_109' title='bbox 785 1521 1053 1577; x_wconf 83' lang='lat' dir='ltr'><strong>Gracchus</strong></span> <span class='ocrx_word' id='word_1_110' title='bbox 1071 1523 1304 1577; x_wconf 87' lang='lat' dir='ltr'><strong>sestertia</strong></span> <span class='ocrx_word' id='word_1_111' title='bbox 1322 1523 1496 1578; x_wconf 76' lang='lat' dir='ltr'><strong>dotem</strong></span> 
     </span>
    </p>

    <p class='ocr_par' dir='ltr' id='par_1_15' title="bbox 207 1593 1347 1660">
     <span class='ocr_line' id='line_1_20' title="bbox 207 1593 1347 1660; baseline 0 -9"><span class='ocrx_word' id='word_1_112' title='bbox 207 1594 483 1660; x_wconf 83' lang='lat' dir='ltr'><strong>comicini,</strong></span> <span class='ocrx_word' id='word_1_113' title='bbox 507 1593 623 1649; x_wconf 76' lang='lat' dir='ltr'><strong>sive</strong></span> <span class='ocrx_word' id='word_1_114' title='bbox 640 1595 728 1649; x_wconf 90' lang='lat' dir='ltr'><strong>hic</strong></span> <span class='ocrx_word' id='word_1_115' title='bbox 746 1603 882 1651; x_wconf 88' lang='lat' dir='ltr'><strong>recto</strong></span> <span class='ocrx_word' id='word_1_116' title='bbox 894 1605 1193 1652; x_wconf 82' lang='lat' dir='ltr'><strong>cantaverat</strong></span> <span class='ocrx_word' id='word_1_117' title='bbox 1211 1613 1347 1651; x_wconf 86' lang='lat' dir='ltr'><strong>aere.</strong></span> 
     </span>
    </p>

    <p class='ocr_par' dir='ltr' id='par_1_16' title="bbox 207 1667 1489 1744">
     <span class='ocr_line' id='line_1_21' title="bbox 207 1667 1489 1744; baseline -0.004 -18"><span class='ocrx_word' id='word_1_118' title='bbox 207 1671 457 1744; x_wconf 85' lang='lat' dir='ltr'><strong>Signatae</strong></span> <span class='ocrx_word' id='word_1_119' title='bbox 481 1667 688 1724; x_wconf 85' lang='lat' dir='ltr'><strong>tabulae</strong></span> <span class='ocrx_word' id='word_1_120' title='bbox 709 1687 723 1737; x_wconf 88' lang='lat'>;</span> <span class='ocrx_word' id='word_1_121' title='bbox 765 1667 963 1725; x_wconf 89' lang='lat' dir='ltr'><strong>dictum</strong></span> <span class='ocrx_word' id='word_1_122' title='bbox 984 1670 1255 1728; x_wconf 81' lang='lat' dir='ltr'><strong>Feliciterl</strong></span> <span class='ocrx_word' id='word_1_123' title='bbox 1295 1671 1489 1739; x_wconf 82' lang='lat' dir='ltr'><strong>Ingens</strong></span> 
     </span>
    </p>

    <p class='ocr_par' dir='ltr' id='par_1_17' title="bbox 208 1741 1818 1960">
     <span class='ocr_line' id='line_1_22' title="bbox 208 1741 1818 1814; baseline -0.004 -13"><span class='ocrx_word' id='word_1_124' title='bbox 208 1762 367 1801; x_wconf 87' lang='lat' dir='ltr'><strong>coena</strong></span> <span class='ocrx_word' id='word_1_125' title='bbox 387 1742 563 1798; x_wconf 84' lang='lat' dir='ltr'><strong>sedet:</strong></span> <span class='ocrx_word' id='word_1_126' title='bbox 605 1743 808 1814; x_wconf 85' lang='lat' dir='ltr'><strong>gremio</strong></span> <span class='ocrx_word' id='word_1_127' title='bbox 826 1743 987 1797; x_wconf 85' lang='lat' dir='ltr'><strong>iacuit</strong></span> <span class='ocrx_word' id='word_1_128' title='bbox 1008 1760 1148 1798; x_wconf 83' lang='lat' dir='ltr'><strong>nova</strong></span> <span class='ocrx_word' id='word_1_129' title='bbox 1168 1748 1333 1810; x_wconf 83' lang='lat' dir='ltr'><strong>nupta</strong></span> <span class='ocrx_word' id='word_1_130' title='bbox 1352 1741 1541 1795; x_wconf 84' lang='lat' dir='ltr'><strong>mariti.</strong></span> <span class='ocrx_word' id='word_1_131' title='bbox 1742 1753 1818 1795; x_wconf 87' lang='lat'><strong>120</strong></span> 
     </span>
     <span class='ocr_line' id='line_1_23' title="bbox 210 1813 1646 1890; baseline -0.005 -15"><span class='ocrx_word' id='word_1_132' title='bbox 210 1819 255 1875; x_wconf 91' lang='grc' dir='ltr'><strong>Ο</strong></span> <span class='ocrx_word' id='word_1_133' title='bbox 272 1834 539 1890; x_wconf 86' lang='lat' dir='ltr'><strong>proceres,</strong></span> <span class='ocrx_word' id='word_1_134' title='bbox 563 1831 777 1869; x_wconf 81' lang='lat' dir='ltr'><strong>censore</strong></span> <span class='ocrx_word' id='word_1_135' title='bbox 793 1832 930 1885; x_wconf 88' lang='lat' dir='ltr'><strong>opus</strong></span> <span class='ocrx_word' id='word_1_136' title='bbox 947 1823 1045 1880; x_wconf 86' lang='lat' dir='ltr'><strong>est,</strong></span> <span class='ocrx_word' id='word_1_137' title='bbox 1069 1833 1136 1870; x_wconf 86' lang='lat' dir='ltr'><strong>an</strong></span> <span class='ocrx_word' id='word_1_138' title='bbox 1157 1814 1436 1885; x_wconf 83' lang='lat' dir='ltr'><strong>haruspice</strong></span> <span class='ocrx_word' id='word_1_139' title='bbox 1456 1813 1646 1870; x_wconf 71' lang='lat' dir='ltr'><strong>nobis?</strong></span> 
     </span>
     <span class='ocr_line' id='line_1_24' title="bbox 209 1890 1519 1960; baseline -0.004 -11"><span class='ocrx_word' id='word_1_140' title='bbox 209 1894 421 1949; x_wconf 85' lang='lat' dir='ltr'><strong>Scilicet</strong></span> <span class='ocrx_word' id='word_1_141' title='bbox 443 1890 702 1952; x_wconf 71' lang='lat' dir='ltr'><strong>horrereS,</strong></span> <span class='ocrx_word' id='word_1_142' title='bbox 725 1891 1031 1960; x_wconf 83' lang='lat' dir='ltr'><strong>maioraque</strong></span> <span class='ocrx_word' id='word_1_143' title='bbox 1048 1896 1284 1944; x_wconf 81' lang='lat' dir='ltr'><strong>monstra</strong></span> <span class='ocrx_word' id='word_1_144' title='bbox 1292 1896 1519 1960; x_wconf 78' lang='lat' dir='ltr'><strong>putares,</strong></span> 
     </span>
    </p>

    <p class='ocr_par' dir='ltr' id='par_1_18' title="bbox 210 1962 1469 2038">
     <span class='ocr_line' id='line_1_25' title="bbox 210 1962 1469 2038; baseline -0.004 -15"><span class='ocrx_word' id='word_1_145' title='bbox 210 1969 256 2023; x_wconf 86' lang='lat' dir='ltr'><strong>si</strong></span> <span class='ocrx_word' id='word_1_146' title='bbox 275 1966 479 2023; x_wconf 87' lang='lat' dir='ltr'><strong>mulier</strong></span> <span class='ocrx_word' id='word_1_147' title='bbox 498 1962 728 2019; x_wconf 88' lang='lat' dir='ltr'><strong>vitulum</strong></span> <span class='ocrx_word' id='word_1_148' title='bbox 754 1962 833 2018; x_wconf 85' lang='lat' dir='ltr'><strong>vel</strong></span> <span class='ocrx_word' id='word_1_149' title='bbox 855 1964 900 2017; x_wconf 86' lang='lat' dir='ltr'><strong>si</strong></span> <span class='ocrx_word' id='word_1_150' title='bbox 926 1964 1022 2020; x_wconf 81' lang='lat' dir='ltr'><strong>hos</strong></span> <span class='ocrx_word' id='word_1_151' title='bbox 1040 1963 1214 2020; x_wconf 87' lang='lat' dir='ltr'><strong>ederet</strong></span> <span class='ocrx_word' id='word_1_152' title='bbox 1232 1963 1469 2038; x_wconf 79' lang='lat' dir='ltr'><strong>agnum?</strong></span> 
     </span>
    </p>

    <p class='ocr_par' dir='ltr' id='par_1_19' title="bbox 209 2037 1532 2117">
     <span class='ocr_line' id='line_1_26' title="bbox 209 2037 1532 2117; baseline 0 -20"><span class='ocrx_word' id='word_1_153' title='bbox 209 2043 496 2117; x_wconf 81' lang='lat' dir='ltr'><strong>Segmenta</strong></span> <span class='ocrx_word' id='word_1_154' title='bbox 515 2046 567 2095; x_wconf 87' lang='lat' dir='ltr'><strong>et</strong></span> <span class='ocrx_word' id='word_1_155' title='bbox 585 2037 768 2112; x_wconf 87' lang='lat' dir='ltr'><strong>longos</strong></span> <span class='ocrx_word' id='word_1_156' title='bbox 787 2039 999 2094; x_wconf 84' lang='lat' dir='ltr'><strong>habitus</strong></span> <span class='ocrx_word' id='word_1_157' title='bbox 1019 2046 1070 2095; x_wconf 85' lang='lat' dir='ltr'><strong>et</strong></span> <span class='ocrx_word' id='word_1_158' title='bbox 1087 2038 1330 2097; x_wconf 84' lang='lat' dir='ltr'><strong>flammea</strong></span> <span class='ocrx_word' id='word_1_159' title='bbox 1348 2040 1532 2108; x_wconf 83' lang='lat' dir='ltr'><strong>sumit,</strong></span> 
     </span>
    </p>

    <p class='ocr_par' dir='ltr' id='par_1_20' title="bbox 210 2112 1821 2263">
     <span class='ocr_line' id='line_1_27' title="bbox 210 2112 1821 2187; baseline -0.004 -13"><span class='ocrx_word' id='word_1_160' title='bbox 210 2133 403 2174; x_wconf 86' lang='lat' dir='ltr'><strong>arcano</strong></span> <span class='ocrx_word' id='word_1_161' title='bbox 423 2114 520 2187; x_wconf 87' lang='lat' dir='ltr'><strong>qui</strong></span> <span class='ocrx_word' id='word_1_162' title='bbox 540 2130 685 2169; x_wconf 83' lang='lat' dir='ltr'><strong>sacra</strong></span> <span class='ocrx_word' id='word_1_163' title='bbox 703 2112 876 2169; x_wconf 76' lang='lat' dir='ltr'><strong>ferens</strong></span> <span class='ocrx_word' id='word_1_164' title='bbox 894 2115 1133 2172; x_wconf 86' lang='lat' dir='ltr'><strong>nutantia</strong></span> <span class='ocrx_word' id='word_1_165' title='bbox 1156 2114 1270 2171; x_wconf 88' lang='lat' dir='ltr'><strong>loro</strong></span> <span class='ocrx_word' id='word_1_166' title='bbox 1742 2125 1821 2169; x_wconf 82' lang='lat'><strong>125</strong></span> 
     </span>
     <span class='ocr_line' id='line_1_28' title="bbox 210 2188 1423 2263; baseline -0.002 -15"><span class='ocrx_word' id='word_1_167' title='bbox 210 2191 430 2249; x_wconf 82' lang='lat' dir='ltr'><strong>sudavit</strong></span> <span class='ocrx_word' id='word_1_168' title='bbox 447 2189 651 2263; x_wconf 83' lang='lat' dir='ltr'><strong>clypeis</strong></span> <span class='ocrx_word' id='word_1_169' title='bbox 672 2188 952 2246; x_wconf 87' lang='lat' dir='ltr'><strong>ancilibus.</strong></span> <span class='ocrx_word' id='word_1_170' title='bbox 1008 2190 1064 2248; x_wconf 62' lang='lat' dir='ltr'><strong>’O</strong></span> <span class='ocrx_word' id='word_1_171' title='bbox 1082 2198 1230 2262; x_wconf 78' lang='lat' dir='ltr'><strong>pater</strong></span> <span class='ocrx_word' id='word_1_172' title='bbox 1247 2191 1423 2256; x_wconf 81' lang='lat' dir='ltr'><strong>Urbis,</strong></span> 
     </span>
    </p>

    <p class='ocr_par' dir='ltr' id='par_1_21' title="bbox 211 2262 1477 2337">
     <span class='ocr_line' id='line_1_29' title="bbox 211 2262 1477 2337; baseline -0.002 -15"><span class='ocrx_word' id='word_1_173' title='bbox 211 2266 361 2324; x_wconf 84' lang='lat' dir='ltr'><strong>unde</strong></span> <span class='ocrx_word' id='word_1_174' title='bbox 380 2262 527 2320; x_wconf 78' lang='lat' dir='ltr'><strong>nefas</strong></span> <span class='ocrx_word' id='word_1_175' title='bbox 553 2271 756 2320; x_wconf 88' lang='lat' dir='ltr'><strong>tantum</strong></span> <span class='ocrx_word' id='word_1_176' title='bbox 777 2265 939 2322; x_wconf 87' lang='lat' dir='ltr'><strong>Latiis</strong></span> <span class='ocrx_word' id='word_1_177' title='bbox 958 2264 1298 2337; x_wconf 70' lang='lat' dir='ltr'><strong>pastoribus?</strong></span> <span class='ocrx_word' id='word_1_178' title='bbox 1333 2264 1477 2321; x_wconf 89' lang='lat' dir='ltr'><strong>unde</strong></span> 
     </span>
    </p>

    <p class='ocr_par' dir='ltr' id='par_1_22' title="bbox 211 2337 1431 2413">
     <span class='ocr_line' id='line_1_30' title="bbox 211 2337 1431 2413; baseline -0.004 -16"><span class='ocrx_word' id='word_1_179' title='bbox 211 2342 346 2397; x_wconf 86' lang='lat' dir='ltr'><strong>haec</strong></span> <span class='ocrx_word' id='word_1_180' title='bbox 363 2339 548 2413; x_wconf 81' lang='lat' dir='ltr'><strong>tetigit,</strong></span> <span class='ocrx_word' id='word_1_181' title='bbox 578 2338 825 2403; x_wconf 81' lang='lat' dir='ltr'><strong>Gradive,</strong></span> <span class='ocrx_word' id='word_1_182' title='bbox 859 2348 976 2396; x_wconf 78' lang='lat' dir='ltr'><strong>tuos</strong></span> <span class='ocrx_word' id='word_1_183' title='bbox 994 2341 1161 2396; x_wconf 80' lang='lat' dir='ltr'><strong>urtica</strong></span> <span class='ocrx_word' id='word_1_184' title='bbox 1180 2337 1431 2410; x_wconf 70' lang='lat' dir='ltr'><strong>nepotes?</strong></span> 
     </span>
    </p>

    <p class='ocr_par' dir='ltr' id='par_1_23' title="bbox 213 2411 1671 2487">
     <span class='ocr_line' id='line_1_31' title="bbox 213 2411 1671 2487; baseline -0.002 -16"><span class='ocrx_word' id='word_1_185' title='bbox 213 2414 466 2471; x_wconf 86' lang='lat' dir='ltr'><strong>Traditur</strong></span> <span class='ocrx_word' id='word_1_186' title='bbox 482 2430 599 2469; x_wconf 89' lang='lat' dir='ltr'><strong>ecce</strong></span> <span class='ocrx_word' id='word_1_187' title='bbox 622 2414 737 2469; x_wconf 86' lang='lat' dir='ltr'><strong>viro</strong></span> <span class='ocrx_word' id='word_1_188' title='bbox 761 2413 936 2469; x_wconf 83' lang='lat' dir='ltr'><strong>clarus</strong></span> <span class='ocrx_word' id='word_1_189' title='bbox 953 2431 1147 2487; x_wconf 84' lang='lat' dir='ltr'><strong>genere</strong></span> <span class='ocrx_word' id='word_1_190' title='bbox 1164 2422 1323 2485; x_wconf 86' lang='lat' dir='ltr'><strong>atque</strong></span> <span class='ocrx_word' id='word_1_191' title='bbox 1339 2412 1533 2484; x_wconf 88' lang='lat' dir='ltr'><strong>opibus</strong></span> <span class='ocrx_word' id='word_1_192' title='bbox 1559 2411 1671 2468; x_wconf 83' lang='lat' dir='ltr'><strong>vir:</strong></span> 
     </span>
    </p>

    <p class='ocr_par' dir='ltr' id='par_1_24' title="bbox 215 2485 1825 2636">
     <span class='ocr_line' id='line_1_32' title="bbox 215 2485 1825 2563; baseline -0.005 -17"><span class='ocrx_word' id='word_1_193' title='bbox 215 2507 315 2546; x_wconf 91' lang='lat' dir='ltr'><strong>nec</strong></span> <span class='ocrx_word' id='word_1_194' title='bbox 332 2488 538 2563; x_wconf 81' lang='lat' dir='ltr'><strong>galeam</strong></span> <span class='ocrx_word' id='word_1_195' title='bbox 558 2505 800 2559; x_wconf 80' lang='lat' dir='ltr'><strong>quassas,</strong></span> <span class='ocrx_word' id='word_1_196' title='bbox 825 2505 921 2552; x_wconf 78' lang='lat' dir='ltr'><strong>nec</strong></span> <span class='ocrx_word' id='word_1_197' title='bbox 939 2495 1132 2543; x_wconf 85' lang='lat' dir='ltr'><strong>terram</strong></span> <span class='ocrx_word' id='word_1_198' title='bbox 1151 2487 1371 2558; x_wconf 86' lang='lat' dir='ltr'><strong>cuspide</strong></span> <span class='ocrx_word' id='word_1_199' title='bbox 1389 2485 1590 2558; x_wconf 83' lang='lat' dir='ltr'><strong>pulsas,</strong></span> <span class='ocrx_word' id='word_1_200' title='bbox 1747 2495 1825 2539; x_wconf 85' lang='grc'><strong>130</strong></span> 
     </span>
     <span class='ocr_line' id='line_1_33' title="bbox 216 2559 1489 2636; baseline -0.005 -15"><span class='ocrx_word' id='word_1_201' title='bbox 216 2582 316 2621; x_wconf 87' lang='lat' dir='ltr'><strong>nec</strong></span> <span class='ocrx_word' id='word_1_202' title='bbox 335 2563 576 2636; x_wconf 82' lang='lat' dir='ltr'><strong>quereris</strong></span> <span class='ocrx_word' id='word_1_203' title='bbox 593 2559 766 2632; x_wconf 69' lang='lat' dir='ltr'><strong>patri?</strong></span> <span class='ocrx_word' id='word_1_204' title='bbox 802 2561 946 2616; x_wconf 84' lang='lat' dir='ltr'><strong>Vade</strong></span> <span class='ocrx_word' id='word_1_205' title='bbox 960 2579 1087 2633; x_wconf 83' lang='lat' dir='ltr'><strong>ergo</strong></span> <span class='ocrx_word' id='word_1_206' title='bbox 1103 2571 1156 2617; x_wconf 84' lang='lat' dir='ltr'><strong>et</strong></span> <span class='ocrx_word' id='word_1_207' title='bbox 1178 2561 1303 2616; x_wconf 88' lang='lat' dir='ltr'><strong>cede</strong></span> <span class='ocrx_word' id='word_1_208' title='bbox 1321 2562 1489 2617; x_wconf 85' lang='lat' dir='ltr'><strong>severi</strong></span> 
     </span>
    </p>

    <p class='ocr_par' dir='ltr' id='par_1_25' title="bbox 209 2635 1625 2784">
     <span class='ocr_line' id='line_1_34' title="bbox 214 2635 1625 2713; baseline -0.003 -18"><span class='ocrx_word' id='word_1_209' title='bbox 214 2639 498 2713; x_wconf 85' lang='lat' dir='ltr'><strong>iugeribus</strong></span> <span class='ocrx_word' id='word_1_210' title='bbox 520 2635 725 2706; x_wconf 86' lang='lat' dir='ltr'><strong>Campi,</strong></span> <span class='ocrx_word' id='word_1_211' title='bbox 754 2652 918 2706; x_wconf 85' lang='lat' dir='ltr'><strong>quem</strong></span> <span class='ocrx_word' id='word_1_212' title='bbox 937 2635 1192 2709; x_wconf 73' lang='lat' dir='ltr'><strong>negligis!</strong></span> <span class='ocrx_word' id='word_1_213' title='bbox 1236 2636 1479 2705; x_wconf 75' lang='lat' dir='ltr'><strong>Officium</strong></span> <span class='ocrx_word' id='word_1_214' title='bbox 1503 2651 1625 2691; x_wconf 74' lang='lat' dir='ltr'><strong>cras</strong></span> 
     </span>
     <span class='ocr_line' id='line_1_35' title="bbox 209 2710 1507 2784; baseline -0.005 -14"><span class='ocrx_word' id='word_1_215' title='bbox 209 2720 390 2784; x_wconf 80' lang='lat' dir='ltr'><strong>primo</strong></span> <span class='ocrx_word' id='word_1_216' title='bbox 407 2716 517 2770; x_wconf 73' lang='lat' dir='ltr'><strong>sole</strong></span> <span class='ocrx_word' id='word_1_217' title='bbox 533 2713 661 2765; x_wconf 80' lang='lat' dir='ltr'><strong>mihi</strong></span> <span class='ocrx_word' id='word_1_218' title='bbox 673 2714 1025 2779; x_wconf 73' lang='lat' dir='ltr'><strong>perayendum</strong></span> <span class='ocrx_word' id='word_1_219' title='bbox 1049 2715 1108 2764; x_wconf 77' lang='lat' dir='ltr'><strong>in</strong></span> <span class='ocrx_word' id='word_1_220' title='bbox 1123 2713 1260 2765; x_wconf 81' lang='lat' dir='ltr'><strong>valle</strong></span> <span class='ocrx_word' id='word_1_221' title='bbox 1281 2710 1507 2776; x_wconf 80' lang='lat' dir='ltr'><strong>Quirini.</strong></span> 
     </span>
    </p>
   </div>
  </div>
 </body>
</html>
