2209 3217
686 270 974 318 SATIRA
1008 271 1146 320 vm.
1595 269 1660 319 99

166 372 272 427 Par
295 370 790 444 Agamemnonidae
806 372 1033 441 crimem
1075 370 1169 426 sed
1187 387 1342 426 eausa
1359 373 1479 428 facit
1499 391 1609 428 rem
1695 384 1771 426 215

163 444 513 502 dissimilem.
575 444 784 518 Quippe
802 445 893 502 ille
911 446 1024 502 deis
1043 445 1343 502 auctoribus
1363 446 1497 502 ultor

164 519 338 594 patris
358 526 486 585 erat,
510 520 648 575 eaesi
667 521 839 576 media
859 522 995 577 inter
1009 520 1227 594 pocula3
1270 520 1365 575 sed
1384 537 1477 575 neo

162 596 404 652 Electrae
424 594 613 669 iugulo
628 613 687 651 se
704 595 908 668 polluit,
929 605 1022 651 aut
1037 596 1280 669 Spartani

166 670 437 745 sanguiue
454 670 715 745 coniugii3
758 670 924 727 nullis
942 673 1145 728 aconita
1165 689 1203 744 p
1300 670 1482 743 inquis

165 745 406 810 miscuit,
429 745 487 800 in
507 762 660 801 scena
685 764 982 819 numquam
1001 747 1231 803 cantavit
1297 753 1486 813 restes3
1696 755 1775 798 220

165 822 354 877 Troica
372 836 482 874 non
500 821 728 893 scripsit.
793 821 935 889 Quid
952 824 1094 877 enim
1113 822 1398 897 Verginius
1418 820 1583 875 armis

164 896 355 952 debuit
371 893 555 950 ulcisci
572 897 764 970 magis,
789 905 1020 952 anteum
1041 897 1261 954 Vindice
1282 894 1490 952 Galba?

165 971 300 1045 quid
318 971 459 1026 Nero
475 977 586 1025 tam
606 988 761 1027 saeva
779 971 1047 1045 crudaque
1063 972 1347 1046 tyrannide
1362 970 1519 1026 fecit?

165 1048 309 1102 Haeo
326 1062 483 1118 opera
503 1053 662 1118 atque
678 1046 780 1103 hae
797 1055 924 1103 sunt
940 1048 1180 1122 generosi
1199 1046 1459 1119 Principis
1486 1052 1638 1109 artes,

165 1121 451 1197 gaudentis
471 1119 618 1177 foedo
635 1123 909 1198 peregrina
928 1123 995 1178 ad
1013 1120 1218 1195 pulpita
1238 1119 1377 1177 saltu
1695 1129 1772 1172 225

165 1196 436 1270 prostitui,
459 1196 753 1270 Graiaeque
771 1198 954 1270 apium
974 1197 1235 1252 meruisse
1252 1212 1490 1252 coronae.

165 1273 432 1329 Maiorum
455 1270 656 1346 effigies
674 1273 903 1328 habeant
920 1272 1152 1347 iusignia
1176 1272 1341 1328 vocis:
1591 1273 1598 1280 '

168 1356 289 1403 ante
307 1346 471 1420 pedes
488 1348 682 1403 Domiti·
703 1346 922 1423 longum
942 1355 1002 1404 tu
1020 1364 1159 1420 pone
1177 1347 1435 1423 ThYestae

168 1441 353 1498 syrma
370 1422 457 1478 vel
478 1421 768 1497 Antigones
787 1440 881 1480 seu
900 1440 1180 1497 personam
1198 1422 1536 1497 Menalippes,

168 1507 217 1554 et
233 1498 303 1554 de
323 1515 615 1554 marmoreo
633 1498 885 1555 citharam
911 1499 1179 1573 suspende
1201 1498 1417 1555 oolosso.
1692 1506 1771 1550 230

168 1573 329 1642 Quid,
354 1572 595 1640 Catilina,
616 1576 726 1631 tuis
745 1575 1006 1632 natalibus
1026 1584 1184 1649 atque
1208 1575 1422 1649 Cethegi

168 1648 406 1705 inveniet
422 1650 712 1722 quisquam
729 1650 1058 1706 sublimius?
1092 1653 1257 1705 Arma
1281 1658 1456 1704 tamen
1482 1665 1579 1702 vos

48 1733 49 1736 ’
170 1731 425 1780 nocturna
450 1730 502 1778 et
517 1722 759 1779 flammas
782 1726 1032 1780 domibus
1049 1723 1370 1795 templisque
1387 1722 1627 1794 parastis,

169 1807 226 1855 ut
240 1800 586 1856 Bracatorum
603 1799 754 1868 pueri
771 1798 1151 1869 Senonumque
1169 1797 1418 1860 minores,

168 1876 304 1940 ausi,
331 1870 481 1944 quod
505 1869 655 1926 lioeat
669 1872 848 1927 tunica
865 1872 1057 1943 punire
1078 1870 1315 1925 molesta.
1693 1879 1769 1922 235

169 1949 267 2006 Sed
286 1944 479 2022 vigilat
498 1943 716 2012 Consul,
738 1946 1039 2019 vexillaque
1057 1952 1227 2001 vestra
1247 1952 1462 2004 coercet.

167 2024 261 2080 nio
278 2039 458 2080 novus
475 2020 722 2093 Arpinas,
745 2021 1015 2097 ignobilis,
1039 2029 1089 2077 et
1106 2019 1265 2078 modo
1281 2021 1476 2076 Romae

170 2096 511 2171 municipalis
529 2096 727 2170 Eques,
750 2097 1016 2173 galeatum
1034 2098 1185 2170 ponit
1202 2096 1404 2170 ubique

168 2174 494 2247 praesidinm
521 2172 788 2240 adtonitis,
812 2181 863 2230 et
882 2174 937 2230 in
956 2173 1105 2230 omni
1123 2181 1281 2248 gente
1298 2171 1516 2227 laborat.

170 2251 396 2306 Tantum
417 2248 580 2323 igitur
598 2263 779 2306 muros
798 2251 936 2306 intra
956 2256 1073 2325 toga
1091 2246 1315 2305 eontulit
1330 2247 1410 2302 illi
1691 2252 1768 2299 24⁰

172 2325 403 2381 nominis
426 2331 479 2379 et
496 2323 656 2391 tituli,
676 2333 939 2399 quantum
957 2343 1065 2381 non
1083 2323 1344 2388 Leueade,
1372 2329 1633 2394 quantum

169 2398 468 2457 Thessaliae
484 2401 685 2472 campis
708 2400 958 2457 Octavius
978 2398 1199 2456 abstulit
1215 2397 1324 2453 udo

56 2503 57 2550 i
170 2476 418 2532 caedibus
436 2473 676 2530 adsiduis
697 2475 892 2549 gladio.
949 2474 1054 2532 Sed
1070 2475 1240 2530 Roma
1263 2479 1550 2545 parentem,

56 2557 59 2618 ζ
168 2550 330 2608 Roma
349 2557 552 2623 patrem
573 2550 769 2621 patriae
794 2548 1098 2607 Ciceronem
1122 2547 1285 2604 libera
1307 2546 1461 2602 dixit.

58 2675 59 2680 ,
169 2626 396 2701 Arpinas
416 2623 555 2681 alius
574 2623 885 2682 Volscorum
906 2625 966 2679 iu
984 2632 1165 2679 monte
1182 2620 1381 2678 solebat
1687 2629 1766 2677 245

58 2725 59 2756 ς
391 2699 675 2766 mercedes,
697 2698 871 2756 alieno
887 2697 1062 2754 lassus
1082 2706 1278 2766 aratr03

58 2777 59 2792 *
167 2777 417 2836 nodosam
436 2775 701 2849 posthaec
717 2774 991 2851 stangebat
1007 2775 1199 2832 vertice
1218 2773 1398 2839 vitem,

1334 2864 1436 2921 G2
