2209 3217
521 251 616 304 {34
1051 253 1129 299 11]
1144 249 1476 300 VENALIS

518 354 815 426 depositum
832 353 932 409 tibi
951 369 1136 425 sospes
1152 354 1270 408 erit.
1329 351 1434 408 Sed
1450 366 1666 423 corpore
1679 356 1874 407 trunco

519 428 782 484 invidiosa
801 429 947 484 dabit
963 428 1222 484 minimus
1240 426 1426 488 solatia
1446 425 1681 499 sanguis.

410 514 488 556 180
515 503 583 558 At
600 508 836 560 vindicta
852 507 1038 559 bonum
1053 508 1166 559 vita
1179 506 1460 557 mundius
1477 506 1608 570 ipsa.

521 579 723 649 Nempe
746 579 848 634 hoe
869 577 1083 641 indocti,
1106 593 1337 648 quorum
1357 574 1657 646 praecordia
1676 567 1848 629 nullis

524 652 790 708 interdum
806 660 898 708 aut
916 650 1124 708 levibus
1146 649 1331 707 videas
1345 648 1622 722 flagrantia
1638 647 1830 703 causis.

519 726 1017 798 Quantulacumque
1035 724 1166 781 adeo
1181 732 1263 780 est
1279 724 1498 789 occasio,
1521 719 1722 778 sufficit
1737 723 1863 780 irae.

522 801 855 875 Chrysippus
872 817 978 856 non
998 799 1135 855 dicet
1153 800 1314 866 idem,
1343 815 1440 855 nec
1456 798 1585 854 mite
1602 796 1840 854 Thaletis

416 885 493 928 185
524 875 818 950 ingenium,
838 874 1093 947 dulcique
1111 891 1274 931 senex
1291 874 1504 930 vicinus
1527 874 1798 946 Hymetto„

521 951 618 1022 qui
635 958 838 1021 panem
863 957 1098 1021 acceptae
1116 965 1270 1005 saeva
1287 950 1424 1004 inter
1445 946 1620 1003 vincla
1638 946 1838 1003 cicutae

523 1026 809 1082 accusatori
828 1024 990 1080 nollet
1005 1025 1154 1080 darei
1187 1075 1190 1078 ,
1210 1023 1446 1080 Plurima
1464 1021 1595 1077 felix

518 1098 775 1170 paulatim
800 1100 926 1156 vitia
944 1106 1102 1171 atque
1119 1115 1323 1153 errores
1336 1096 1485 1153 exuit
1500 1109 1705 1161 omneS,

518 1174 689 1244 prima
713 1174 905 1230 docens
924 1181 1125 1230 rectum
1142 1172 1431 1245 Sapientia:
1473 1170 1673 1243 quippe
1691 1170 1890 1225 minuti

413 1258 491 1300 190
519 1264 728 1320 semper
750 1256 802 1304 et
817 1249 1018 1304 infirmi
1037 1256 1118 1304 est
1136 1248 1301 1304 animi
1321 1246 1610 1320 exiguique
1627 1243 1873 1317 voluptas

519 1320 670 1377 ultio.
729 1322 992 1379 Continuo
1009 1324 1089 1378 sic
1103 1322 1310 1396 collige,
1329 1321 1477 1393 quod
1494 1320 1726 1377 vindicta

518 1411 674 1450 nemo
693 1397 863 1468 magis
878 1397 1090 1468 gaudet,
1114 1415 1279 1468 quam
1288 1395 1506 1452 femina.
1545 1396 1653 1452 Cur
1662 1394 2022 1453 tamenhoetu

517 1467 748 1523 evasisse
771 1477 941 1539 puteS,
961 1486 1099 1540 quos
1115 1470 1221 1524 diri
1241 1471 1455 1525 conscia
1473 1469 1595 1526 facti
1635 1509 1640 1518 -

518 1560 671 1598 mens
687 1542 846 1597 habet
862 1544 1107 1598 attonitos
1132 1550 1188 1599 et
1200 1542 1363 1598 surdo
1381 1544 1599 1612 verbere
1615 1543 1782 1600 caedit

413 1628 492 1673 195
519 1616 783 1674 occultum
801 1618 1068 1690 quatiente
1086 1618 1268 1674 animo
1293 1623 1481 1673 tortore
1495 1616 1804 1692 flagellum?

519 1694 689 1749 Poena
716 1701 891 1749 autem
909 1689 1276 1750 vehemensac
1292 1692 1464 1749 multo
1479 1693 1685 1749 saevior
1702 1692 1832 1759 illis,

521 1786 658 1841 quas
693 1776 745 1824 et
769 1768 1043 1826 Caedicius
1069 1769 1251 1843 gravis
1270 1768 1472 1826 invenit
1488 1775 1540 1824 et
1554 1767 2024 1834 Rhadamanthus,

520 1850 668 1898 nocte
686 1843 876 1916 dieque
900 1862 1061 1900 suum
1080 1852 1285 1918 gestare
1309 1844 1365 1900 in
1385 1851 1591 1915 pectore
1607 1849 1812 1898 testem.

521 1917 777 1990 Spartano
793 1918 1006 1975 cuidam
1024 1919 1294 1991 respondit
1311 1917 1502 1992 Pythia
1524 1923 1693 1973 vetes-2

412 2002 492 2047 200
518 1992 665 2048 haud
685 1993 1010 2064 impunitum
1030 1993 1303 2066 quondam
1321 1992 1447 2056 fore,
1470 1990 1615 2062 quod
1632 1990 1902 2047 dubitaret

519 2067 820 2139 depositum
845 2067 1066 2123 retinere
1084 2074 1139 2122 et
1153 2065 1391 2122 fraudem
1412 2065 1529 2120 iure
1550 2063 1688 2118 tueri

520 2140 759 2198 intende.
817 2138 1111 2206 Quaerebat
1127 2140 1289 2204 enim,
1310 2154 1447 2209 quae
1465 2136 1704 2191 numinis
1721 2147 1859 2193 esset

521 2234 691 2281 mene,
722 2222 859 2270 etan
876 2215 977 2269 hoc
995 2212 1075 2269 illi
1094 2213 1301 2269 facinus
1319 2210 1563 2267 suaderet
1579 2209 1802 2283 Apollo?

523 2290 770 2347 Reddidit
786 2295 1095 2377 ergometu,
1118 2304 1228 2344 non
1245 2285 1515 2342 moribus:
1556 2294 1791 2344 ettamen
1800 2306 2022 2348 omnem

414 2377 491 2419 205
523 2382 704 2422 vocem
730 2365 875 2440 adyti
892 2364 1114 2439 dignam
1132 2357 1329 2436 templo
1349 2379 1637 2435 veramque
1653 2363 1913 2435 probavit,

522 2442 817 2496 exstinctus
833 2447 936 2495 tota
957 2440 1151 2512 pariter
1167 2457 1292 2495 cum
1310 2437 1457 2511 prole
1473 2437 1740 2511 domoque

522 2522 589 2578 et,
613 2515 863 2584 quamvis
882 2514 1037 2589 longa
1057 2513 1295 2572 deductis
1313 2521 1485 2588 gente,
1507 2515 1844 2586 propinquis

522 2588 628 2640 Has
643 2589 840 2656 patitur·
854 2607 1050 2661 poenas
1069 2590 1319 2662 peccandi
1341 2588 1453 2644 sola
1473 2587 1735 2645 voluntas.

522 2661 658 2714 Nam
677 2660 849 2715 scelus
871 2662 1006 2719 intra
1032 2681 1088 2720 se
1104 2666 1320 2720 tacitum
1342 2664 1438 2736 qui
1457 2666 1649 2737 cogitat
1666 2662 1857 2728 ullum,

414 2744 493 2787 210
522 2731 642 2787 facti
659 2731 859 2789 crimen
879 2736 1050 2796 habet.
1114 2738 1274 2804 Cedo.
1297 2740 1343 2793 ei
1363 2745 1545 2795 conata
1562 2737 1793 2812 peregit?
