2209 3217
515 291 581 344 58
985 313 989 317 ’
1032 296 1453 344 IUVENALIS

409 403 485 451 145
511 393 746 459 concili0‚
776 411 912 467 quos
923 394 1182 451 Albanam
1202 396 1315 451 dux
1333 411 1560 468 magnus
1577 394 1629 449 in
1652 411 1823 455 arcem

517 476 741 525 traxerat
756 469 1032 535 adtonitcS,
1056 478 1105 525 et
1128 469 1370 525 festinare
1386 477 1602 534 coactos,

515 552 787 621 tamquam
803 544 869 598 de
887 544 1048 600 Cattis
1066 544 1271 615 aliquid
1289 545 1556 615 torvisque
1571 543 1883 617 Sygambris

516 619 771 683 dicturus,
799 625 1070 690 tamquam
1091 635 1122 671 e
1139 618 1361 673 diversis
1375 618 1612 688 partibus
1630 618 1775 673 orbis

518 693 676 749 anxia
693 692 958 765 praecipiti
978 692 1205 747 venisset
1221 692 1435 763 epistola
1459 709 1651 764 penna.

413 779 489 822 15⁰
590 767 763 840 Atque
780 768 983 823 utinam
1002 767 1087 820 his
1105 767 1280 837 potius
1307 767 1463 840 nugis
1481 773 1582 821 tota
1602 766 1692 820 illa
1712 766 1943 824 dedisset

520 850 748 913 tempora
768 841 1025 906 saevitiae,
1046 840 1215 895 claras
1233 841 1430 913 quibus
1447 841 1662 896 abstulit
1681 841 1806 897 Urbi

520 916 856 988 illustresque
873 915 1075 970 animas
1097 916 1314 987 impune
1333 924 1384 970 et
1399 916 1610 972 vindice
1627 915 1774 970 nullo
1791 917 1804 970 1

520 991 622 1046 Sed
638 990 807 1063 periit,
831 996 1107 1062 postquam
1127 990 1441 1046 cerdonibus
1458 1007 1573 1046 esse
1588 990 1856 1047 timendus

519 1073 765 1142 coeperat.
823 1066 931 1119 Hoc
959 1065 1135 1120 nocuit
1152 1065 1454 1120 Lamiarum
1470 1065 1625 1121 caede
1648 1066 1900 1122 madenti.

952 1247 1427 1307 SATIRA
1483 1248 1564 1304 V.

525 1367 606 1403 AR
618 1366 669 1403 G.
700 1365 958 1406 Describitur
979 1365 1124 1403 misen
1141 1367 1405 1415 punitorum
1430 1372 1471 1405 et
1490 1365 1698 1406 clientium
1715 1365 1760 1405 in
1780 1368 1917 1407 eueni·
1937 1370 2002 1407 di-

952 1428 1102 1465 tiorum
1119 1429 1369 1468 dominorum
1389 1427 1579 1466 conditio.

599 1498 667 1561 Si
692 1513 745 1562 te
759 1507 1011 1579 propositi
1041 1506 1278 1562 nondum
1304 1506 1493 1578 pudet,
1529 1514 1686 1581 atque
1710 1508 1893 1565 eadcm
1922 1522 2006 1567 est

1024 1615 1029 1622 ὴ
1321 1598 1490 1648 mens,

523 1664 582 1711 ut
597 1656 735 1711 bona
761 1671 971 1714 summa
989 1663 1162 1729 putes,
1186 1655 1353 1711 aliena
1371 1655 1549 1713 vivere
1570 1658 1800 1730 quadra3

523 1733 570 1786 si
587 1738 731 1803 potes
748 1730 840 1786 illa
858 1731 983 1804 pati,
1004 1748 1143 1804 quae
1158 1748 1254 1788 neo
1272 1731 1575 1788 Sarmentus
1600 1733 1812 1805 iniquas

524 1807 758 1863 Caesaris
781 1806 850 1862 ad
866 1824 1094 1873 mensas,
1120 1823 1215 1864 nec
1231 1806 1354 1862 vilis
1380 1806 1545 1863 Galba
1569 1807 1821 1864 tulissetz.

419 1893 440 1933 ⁵
522 1882 1323 2030 tzzffifflfflgffl
1339 1880 1866 2028 “flamm

524 2029 769 2083 defecisse
789 2037 932 2098 puta,
962 2031 1107 2100 quod
1125 2031 1270 2085 inani
1288 2029 1483 2083 sufficit
1498 2029 1642 2083 alvo:

412 2123 443 2132 -·
526 2102 669 2156 nulla
698 2102 908 2172 crepido
932 2102 1420 2174 meast-nusquam
1448 2118 1581 2172 pons
1608 2109 1659 2155 et
1674 2103 1859 2175 oegetis
1881 2123 2012 2177 pars

524 2174 741 2230 dimidia
759 2175 1000 2230 brevior?
1035 2177 1255 2230 Tantine
1270 2175 1463 2230 iniuria
1478 2173 1701 2229 coenae?

420 2263 469 2303 10
523 2258 631 2307 tam
650 2250 824 2306 ieiuna
843 2248 1041 2305 fames?
1076 2266 1248 2321 quum
1268 2247 1352 2320 pol
1371 2249 1442 2303 sit
1457 2248 1746 2316 honestius,
1769 2252 1878 2309 illic

523 2334 576 2382 et
591 2333 810 2382 tremere
826 2332 877 2380 et
893 2323 1071 2380 sordes
1088 2322 1242 2378 farris
1260 2323 1497 2380 mordere
1519 2324 1714 2381 canini.

601 2401 775 2456 Primo
794 2400 897 2475 fige
916 2398 1044 2465 loco,
1067 2398 1213 2472 quod
1229 2406 1288 2454 tu
1306 2398 1361 2454 d·
1422 2399 1639 2456 umbere
1663 2401 1845 2458 iussus

526 2475 815 2531 mercedem
842 2474 1065 2531 solidam
1083 2483 1320 2531 veterum
1397 2475 1481 2548 pis
1498 2473 1807 2533 officiorum.

525 2552 750 2606 Fructus
768 2550 1023 2607 amicitiae
1047 2567 1268 2625 magnae
1284 2550 1455 2606 cibus.
1494 2552 1722 2624 Imputat
1736 2568 2006 2618 aunem,

420 2638 469 2679 15
524 2633 592 2689 et,
616 2626 863 2697 quamvis
881 2643 1080 2689 rarum.
1102 2634 1279 2682 tamen
1301 2625 1539 2697 imputat.
1578 2627 1719 2701 Ergo
1735 2626 1870 2682 duos
1888 2639 2012 2699 post

525 2700 572 2752 si
591 2698 746 2753 libuit
762 2717 969 2757 menses
989 2702 1284 2776 neglectum
1302 2701 1468 2756 accire
1481 2700 1740 2766 dicum.

526 2772 673 2829 tertia
692 2789 759 2828 ne
776 2790 941 2830 vacuo
957 2785 1182 2833 cessam
1196 2775 1384 2832 culcita
1403 2775 1557 2832 lecto:
