2209 3217
447 508 501 552 75

449 882 502 925 80

450 1257 501 1300 85

450 1631 502 1675 90

449 2006 500 2050 95

564 247 659 300 ⁴20
1090 252 1516 301 IUVENALIS

556 348 842 424 Signinum
860 347 1186 425 Syriumque
1203 371 1417 429 pyrum,
1442 354 1509 410 de
1525 353 1775 409 corbibus
1795 358 1978 413 isdem
2026 391 2046 413 α

559 422 765 478 aemula
785 425 1008 491 Picenis,
1031 436 1082 483 et
1104 428 1282 485 odoris
1302 429 1439 484 mala
1460 429 1695 493 recentis,
1881 455 1902 462 ff
2003 459 2010 462 -

557 514 653 553 nec
678 500 954 555 metuenda
977 502 1089 567 tibi,
1118 503 1372 558 siccatum
1391 503 1584 576 frigore
1601 510 1885 574 postquam

558 582 907 629 auctumnum
929 584 979 629 et
997 576 1146 630 crudi
1168 594 1388 647 posuere
1405 576 1637 649 pericula
1658 579 1824 632 succi.

556 648 693 703 Haec
709 648 839 703 olim
859 650 1021 706 nostri
1042 650 1147 705 iam
1169 651 1441 706 luxuriosa
1460 652 1682 707 Senatus

557 739 715 778 coena
733 722 853 777 fuit.
912 724 1128 790 Curius»,
1150 742 1315 796 parvo
1333 743 1470 798 quae
1491 726 1683 800 legerat
1699 726 1870 791 horto,

559 798 672 868 ipse
691 797 817 852 focis
837 798 1090 855 brevibus
1108 801 1336 871 ponebat
1350 800 1606 865 oluscula,
1629 818 1767 872 quae
1788 820 1939 858 nunc

558 872 836 944 squalidus
856 872 911 927 in
932 890 1126 947 magna
1145 874 1344 930 fastidit
1360 875 1613 947 compede
1629 875 1812 939 fossor,

561 947 656 1019 qui
677 947 934 1013 meminit,
958 948 1156 1004 calidae
1179 951 1348 1022 sapiat
1364 950 1496 1023 quid
1519 949 1678 1005 vulva
1695 951 1941 1023 popinae.

558 1020 693 1076 Sicci
713 1029 854 1096 terga
871 1023 1004 1088 suia,
1028 1042 1142 1079 rara
1164 1025 1441 1095 pendentia
1459 1033 1615 1090 crate,

561 1097 725 1153 moris
745 1106 854 1152 erat
871 1098 1143 1169 quondam
1161 1098 1309 1154 sestis
1327 1115 1538 1155 servare
1556 1098 1764 1164 diebus,

558 1188 618 1226 ac
637 1170 933 1227 natalitium
951 1174 1186 1246 cognatis
1203 1191 1397 1246 ponere
1411 1171 1641 1239 lardum,

557 1246 828 1302 accedente
850 1249 1051 1310 nova',si
1070 1266 1234 1319 quam
1253 1249 1411 1305 dabat
1429 1249 1616 1313 hostia.
1643 1264 1818 1303 carne.

559 1320 916 1393 Cognatorum
936 1321 1153 1394 aliquiS,
1179 1324 1329 1379 titulo
1348 1332 1425 1379 ter
1444 1322 1694 1379 Consulis
1714 1331 1876 1395 atque

557 1402 847 1449 castrorum
868 1397 1105 1467 imperiis
1124 1406 1175 1452 et
1193 1399 1465 1453 Dictatoris
1483 1398 1679 1453 honore

558 1468 788 1534 functus,
817 1470 885 1523 ad
906 1471 1002 1523 bas
1020 1472 1205 1540 epulas
1224 1471 1377 1526 solito
1402 1474 1662 1538 [nami-ius
1682 1472 1808 1538 ibat,

556 1550 783 1599 erectum
803 1543 1000 1597 domito
1020 1544 1247 1599 referens
1270 1564 1299 1600 a
1322 1553 1496 1601 monte
1516 1547 1767 1620 ligonem.

557 1618 736 1686 Quum
759 1624 1040 1673 tremerent
1058 1627 1234 1674 autem
1258 1621 1449 1675 Fabios
1473 1622 1780 1694 durumque
1799 1623 2058 1681 Catonem

557 1701 608 1750 et
624 1693 846 1750 Scauros
865 1701 916 1748 et
933 1695 1221 1762 Fabrici05‚
1245 1695 1510 1770 rigidique
1528 1713 1736 1753 severos

556 1770 789 1826 censoris
809 1787 979 1825 mores
999 1771 1153 1826 etiam
1174 1771 1369 1845 collega
1390 1772 1621 1841 timeret3

558 1862 714 1900 nemo
733 1845 869 1901 inter
885 1846 1111 1901 curas'et
1125 1847 1261 1901 seria
1278 1847 1432 1902 duxit
1451 1847 1773 1912 habendum,

557 1920 733 1992 qualis
753 1923 808 1974 in
827 1920 1031 1975 Oceano
1048 1920 1208 1976 fluctu
1229 1921 1436 1978 testudo
1453 1928 1668 1986 nataret,

555 1995 758 2049 clarum
780 1995 1091 2065 Troiugenis
1112 1994 1308 2050 factura
1327 2011 1387 2048 ac
1406 1995 1581 2050 nobile
1599 1994 1859 2050 fulcrum:

557 2067 650 2123 sed
671 2065 814 2119 nudo
841 2064 998 2120 latere
1021 2075 1073 2121 et
1090 2069 1269 2137 parvis
1288 2067 1433 2122 frons
1451 2085 1597 2122 aerea
1623 2068 1767 2122 lectis

555 2140 663 2195 vile
679 2140 907 2194 coronati
924 2148 1082 2210 caput
1098 2141 1401 2196 ostendebat
1418 2141 1584 2204 aselli,

557 2214 623 2270 ad
648 2214 794 2287 quod
816 2214 998 2269 lascivi
1020 2214 1271 2268 ludebant
1290 2211 1431 2268 ruris
1452 2214 1677 2269 alumni.

557 2290 709 2345 Tales
727 2307 851 2364 ergo
866 2288 991 2355 cibi,
1015 2287 1192 2360 qualis
1210 2288 1403 2344 domus
1423 2297 1580 2362 atque
1598 2289 1859 2361 supellex.

449 2376 527 2420 1⁰0
556 2365 705 2421 Tunc
731 2365 879 2420 rudis
894 2373 946 2421 et
963 2364 1150 2420 Graias
1171 2363 1351 2419 mirari
1372 2365 1582 2421 nescius
1604 2374 1757 2431 artos,

556 2440 783 2495 urbibus
801 2441 1016 2502 eversis,
1040 2439 1355 2511 praedarum
1380 2441 1436 2497 in
1456 2448 1602 2513 parte
1626 2449 1827 2513 reperta

558 2531 870 2588 magnorum
889 2515 1150 2570 artificum
1171 2514 1442 2591 frangebat
1461 2516 1645 2588 pocula
1666 2516 1837 2580 miles,

553 2596 615 2643 ut
640 2588 867 2660 phaleris
885 2591 1136 2663 gauderet
1153 2607 1344 2663 equus,
1368 2592 1668 2665 caelataque
1686 2592 1850 2646 cassis

556 2662 839 2717 Romuleae
855 2666 1137 2720 simulacra
1156 2666 1293 2722 serae
1312 2684 1676 2723 mansuescere
1695 2666 1870 2720 iussae

447 2747 526 2792 105
555 2735 762 2809 imperii
780 2736 900 2804 fato,
922 2741 1165 2811 geminos
1184 2742 1290 2796 sub
1312 2759 1445 2814 rupe
1460 2740 1728 2809 QuirincS,
