<?xml version="1.0" encoding="UTF-8"?>
<!DOCTYPE html PUBLIC "-//W3C//DTD XHTML 1.0 Transitional//EN"
    "http://www.w3.org/TR/xhtml1/DTD/xhtml1-transitional.dtd">
<html xmlns="http://www.w3.org/1999/xhtml" xml:lang="en" lang="en">
 <head>
  <title>
</title>
<meta http-equiv="Content-Type" content="text/html;charset=utf-8" />
  <meta name='ocr-system' content='tesseract 3.04.00' />
  <meta name='ocr-capabilities' content='ocr_page ocr_carea ocr_par ocr_line ocrx_word'/>
</head>
<body>
  <div class='ocr_page' id='page_1' title='image "apersiiflacciet02weisgoog_0165.png"; bbox 0 0 2209 3217; ppageno 0'>
   <div class='ocr_carea' id='block_1_1' title="bbox 655 283 1630 343">
    <p class='ocr_par' dir='ltr' id='par_1_1' title="bbox 655 283 1630 343">
     <span class='ocr_line' id='line_1_1' title="bbox 655 283 1630 343; baseline 0.009 -15"><span class='ocrx_word' id='word_1_1' title='bbox 655 283 948 343; x_wconf 68' lang='lat' dir='ltr'>sA‘rmA</span> <span class='ocrx_word' id='word_1_2' title='bbox 990 284 1129 332; x_wconf 79' lang='lat' dir='ltr'>xvr.</span> <span class='ocrx_word' id='word_1_3' title='bbox 1536 284 1630 337; x_wconf 69' lang='lat'>¹53</span> 
     </span>
    </p>
   </div>
   <div class='ocr_carea' id='block_1_2' title="bbox 98 380 1739 2625">
    <p class='ocr_par' dir='ltr' id='par_1_2' title="bbox 98 380 1402 455">
     <span class='ocr_line' id='line_1_2' title="bbox 98 380 1402 455; baseline 0.003 -16"><span class='ocrx_word' id='word_1_4' title='bbox 98 400 218 440; x_wconf 76' lang='lat' dir='ltr'>me</span> <span class='ocrx_word' id='word_1_5' title='bbox 241 380 504 455; x_wconf 83' lang='lat' dir='ltr'>pavidum</span> <span class='ocrx_word' id='word_1_6' title='bbox 522 381 745 454; x_wconf 84' lang='lat' dir='ltr'><strong>excipiet</strong></span> <span class='ocrx_word' id='word_1_7' title='bbox 765 383 983 438; x_wconf 86' lang='lat' dir='ltr'>tironem</span> <span class='ocrx_word' id='word_1_8' title='bbox 1008 390 1153 455; x_wconf 87' lang='lat' dir='ltr'>porta</span> <span class='ocrx_word' id='word_1_9' title='bbox 1174 388 1402 443; x_wconf 88' lang='lat' dir='ltr'>secundo</span> 
     </span>
    </p>

    <p class='ocr_par' dir='ltr' id='par_1_3' title="bbox 101 455 1410 533">
     <span class='ocr_line' id='line_1_3' title="bbox 101 455 1410 533; baseline 0.002 -19"><span class='ocrx_word' id='word_1_10' title='bbox 101 458 328 514; x_wconf 83' lang='lat' dir='ltr'>sidere.</span> <span class='ocrx_word' id='word_1_11' title='bbox 348 473 351 476; x_wconf 85' lang='lat'>·</span> <span class='ocrx_word' id='word_1_12' title='bbox 388 455 516 512; x_wconf 87' lang='lat' dir='ltr'>Plus</span> <span class='ocrx_word' id='word_1_13' title='bbox 539 457 730 512; x_wconf 80' lang='lat' dir='ltr'><strong>etenim</strong></span> <span class='ocrx_word' id='word_1_14' title='bbox 751 456 843 512; x_wconf 81' lang='lat' dir='ltr'>fati</span> <span class='ocrx_word' id='word_1_15' title='bbox 867 457 1004 514; x_wconf 88' lang='lat' dir='ltr'>valet</span> <span class='ocrx_word' id='word_1_16' title='bbox 1020 459 1148 513; x_wconf 88' lang='lat' dir='ltr'>hora</span> <span class='ocrx_word' id='word_1_17' title='bbox 1172 459 1410 533; x_wconf 83' lang='lat' dir='ltr'>benigni,</span> 
     </span>
    </p>

    <p class='ocr_par' dir='ltr' id='par_1_4' title="bbox 102 531 1739 680">
     <span class='ocr_line' id='line_1_4' title="bbox 104 531 1739 607; baseline 0.002 -19"><span class='ocrx_word' id='word_1_18' title='bbox 104 550 307 607; x_wconf 85' lang='lat' dir='ltr'>quam</span> <span class='ocrx_word' id='word_1_19' title='bbox 326 531 373 585; x_wconf 89' lang='lat' dir='ltr'>si</span> <span class='ocrx_word' id='word_1_20' title='bbox 393 549 492 586; x_wconf 84' lang='lat' dir='ltr'>nos</span> <span class='ocrx_word' id='word_1_21' title='bbox 510 531 727 588; x_wconf 89' lang='lat' dir='ltr'>Veneris</span> <span class='ocrx_word' id='word_1_22' title='bbox 747 533 1076 589; x_wconf 89' lang='lat' dir='ltr'>commendet</span> <span class='ocrx_word' id='word_1_23' title='bbox 1093 533 1310 605; x_wconf 80' lang='lat' dir='ltr'>epistola</span> <span class='ocrx_word' id='word_1_24' title='bbox 1334 536 1484 591; x_wconf 85' lang='lat' dir='ltr'>Marti</span> <span class='ocrx_word' id='word_1_25' title='bbox 1716 552 1739 592; x_wconf 84' lang='lat'>5</span> 
     </span>
     <span class='ocr_line' id='line_1_5' title="bbox 102 606 1293 680; baseline 0 -15"><span class='ocrx_word' id='word_1_26' title='bbox 102 617 169 665; x_wconf 84' lang='lat' dir='ltr'>et</span> <span class='ocrx_word' id='word_1_27' title='bbox 192 607 389 664; x_wconf 90' lang='lat' dir='ltr'>Samia</span> <span class='ocrx_word' id='word_1_28' title='bbox 413 607 644 680; x_wconf 81' lang='lat' dir='ltr'>genitrix</span> <span class='ocrx_word' id='word_1_29' title='bbox 662 625 800 679; x_wconf 86' lang='lat' dir='ltr'>qnae</span> <span class='ocrx_word' id='word_1_30' title='bbox 817 606 1099 664; x_wconf 80' lang='lat' dir='ltr'>delectatur</span> <span class='ocrx_word' id='word_1_31' title='bbox 1116 627 1293 665; x_wconf 85' lang='lat' dir='ltr'>arena.</span> 
     </span>
    </p>

    <p class='ocr_par' dir='ltr' id='par_1_5' title="bbox 105 682 1739 1657">
     <span class='ocr_line' id='line_1_6' title="bbox 205 682 1631 757; baseline 0.002 -18"><span class='ocrx_word' id='word_1_32' title='bbox 205 682 507 739; x_wconf 87' lang='lat' dir='ltr'>Commoda</span> <span class='ocrx_word' id='word_1_33' title='bbox 525 688 804 739; x_wconf 80' lang='lat' dir='ltr'>tractemus</span> <span class='ocrx_word' id='word_1_34' title='bbox 824 684 1058 755; x_wconf 90' lang='lat' dir='ltr'>primum</span> <span class='ocrx_word' id='word_1_35' title='bbox 1067 685 1387 751; x_wconf 83' lang='lat' dir='ltr'>communia,</span> <span class='ocrx_word' id='word_1_36' title='bbox 1403 702 1631 757; x_wconf 90' lang='lat' dir='ltr'>quorum</span> 
     </span>
     <span class='ocr_line' id='line_1_7' title="bbox 105 756 1501 834; baseline 0.001 -21"><span class='ocrx_word' id='word_1_37' title='bbox 105 757 287 813; x_wconf 84' lang='lat' dir='ltr'>haud</span> <span class='ocrx_word' id='word_1_38' title='bbox 307 756 595 812; x_wconf 90' lang='lat' dir='ltr'>minimum</span> <span class='ocrx_word' id='word_1_39' title='bbox 613 757 749 814; x_wconf 87' lang='lat' dir='ltr'>illud</span> <span class='ocrx_word' id='word_1_40' title='bbox 765 759 881 824; x_wconf 88' lang='lat' dir='ltr'>erit,</span> <span class='ocrx_word' id='word_1_41' title='bbox 904 776 971 814; x_wconf 90' lang='lat' dir='ltr'>ne</span> <span class='ocrx_word' id='word_1_42' title='bbox 994 766 1044 815; x_wconf 85' lang='lat' dir='ltr'>te</span> <span class='ocrx_word' id='word_1_43' title='bbox 1067 758 1279 832; x_wconf 88' lang='lat' dir='ltr'>pulsare</span> <span class='ocrx_word' id='word_1_44' title='bbox 1296 767 1501 834; x_wconf 86' lang='lat' dir='ltr'>togatus</span> 
     </span>
     <span class='ocr_line' id='line_1_8' title="bbox 107 831 1467 905; baseline 0.002 -17"><span class='ocrx_word' id='word_1_45' title='bbox 107 833 357 895; x_wconf 80' lang='lat' dir='ltr'>audeat3</span> <span class='ocrx_word' id='word_1_46' title='bbox 400 831 567 887; x_wconf 90' lang='lat' dir='ltr'>immo</span> <span class='ocrx_word' id='word_1_47' title='bbox 589 841 656 897; x_wconf 89' lang='lat' dir='ltr'>et,</span> <span class='ocrx_word' id='word_1_48' title='bbox 682 834 728 887; x_wconf 89' lang='lat' dir='ltr'>si</span> <span class='ocrx_word' id='word_1_49' title='bbox 748 832 1005 905; x_wconf 79' lang='lat' dir='ltr'>pulsetur.</span> <span class='ocrx_word' id='word_1_50' title='bbox 1029 834 1346 902; x_wconf 85' lang='lat' dir='ltr'>dissimulet,</span> <span class='ocrx_word' id='word_1_51' title='bbox 1371 852 1467 892; x_wconf 89' lang='lat' dir='ltr'>nec</span> 
     </span>
     <span class='ocr_line' id='line_1_9' title="bbox 110 907 1739 968; baseline 0.001 -6"><span class='ocrx_word' id='word_1_52' title='bbox 110 907 330 963; x_wconf 82' lang='lat' dir='ltr'>audeat</span> <span class='ocrx_word' id='word_1_53' title='bbox 348 922 596 962; x_wconf 84' lang='lat' dir='ltr'>excussos</span> <span class='ocrx_word' id='word_1_54' title='bbox 620 908 847 963; x_wconf 77' lang='lat' dir='ltr'>Praetori</span> <span class='ocrx_word' id='word_1_55' title='bbox 865 908 1136 965; x_wconf 87' lang='lat' dir='ltr'>ostendere</span> <span class='ocrx_word' id='word_1_56' title='bbox 1152 909 1337 968; x_wconf 68' lang='lat' dir='ltr'>dentes</span> <span class='ocrx_word' id='word_1_57' title='bbox 1689 922 1739 965; x_wconf 87' lang='lat'>10</span> 
     </span>
     <span class='ocr_line' id='line_1_10' title="bbox 110 980 1342 1055; baseline 0.002 -17"><span class='ocrx_word' id='word_1_58' title='bbox 110 989 175 1038; x_wconf 82' lang='lat' dir='ltr'>et</span> <span class='ocrx_word' id='word_1_59' title='bbox 200 982 422 1055; x_wconf 84' lang='lat' dir='ltr'>nigram</span> <span class='ocrx_word' id='word_1_60' title='bbox 442 981 500 1037; x_wconf 91' lang='lat' dir='ltr'>in</span> <span class='ocrx_word' id='word_1_61' title='bbox 517 980 649 1037; x_wconf 82' lang='lat' dir='ltr'>facie</span> <span class='ocrx_word' id='word_1_62' title='bbox 665 982 886 1040; x_wconf 88' lang='lat' dir='ltr'>tumidis</span> <span class='ocrx_word' id='word_1_63' title='bbox 906 982 1165 1039; x_wconf 87' lang='lat' dir='ltr'>livoribus</span> <span class='ocrx_word' id='word_1_64' title='bbox 1185 984 1342 1041; x_wconf 84' lang='lat' dir='ltr'>offam</span> 
     </span>
     <span class='ocr_line' id='line_1_11' title="bbox 112 1055 1454 1131; baseline 0.001 -19"><span class='ocrx_word' id='word_1_65' title='bbox 112 1070 299 1130; x_wconf 82' lang='lat' dir='ltr'>atque</span> <span class='ocrx_word' id='word_1_66' title='bbox 315 1055 514 1122; x_wconf 87' lang='lat' dir='ltr'>oculos,</span> <span class='ocrx_word' id='word_1_67' title='bbox 540 1055 742 1112; x_wconf 87' lang='lat' dir='ltr'>medico</span> <span class='ocrx_word' id='word_1_68' title='bbox 759 1057 836 1113; x_wconf 90' lang='lat' dir='ltr'>nil</span> <span class='ocrx_word' id='word_1_69' title='bbox 855 1059 1204 1131; x_wconf 88' lang='lat' dir='ltr'>promittente,</span> <span class='ocrx_word' id='word_1_70' title='bbox 1230 1059 1454 1116; x_wconf 58' lang='lat' dir='ltr'>relictos</span> 
     </span>
     <span class='ocr_line' id='line_1_12' title="bbox 110 1131 1344 1205; baseline 0.002 -18"><span class='ocrx_word' id='word_1_71' title='bbox 110 1131 423 1187; x_wconf 87' lang='lat' dir='ltr'>Bardiacus</span> <span class='ocrx_word' id='word_1_72' title='bbox 441 1131 604 1188; x_wconf 88' lang='lat' dir='ltr'>iudex</span> <span class='ocrx_word' id='word_1_73' title='bbox 621 1132 776 1188; x_wconf 88' lang='lat' dir='ltr'>datur</span> <span class='ocrx_word' id='word_1_74' title='bbox 794 1133 922 1189; x_wconf 87' lang='lat' dir='ltr'>haec</span> <span class='ocrx_word' id='word_1_75' title='bbox 938 1133 1131 1205; x_wconf 88' lang='lat' dir='ltr'>punire</span> <span class='ocrx_word' id='word_1_76' title='bbox 1146 1133 1344 1189; x_wconf 85' lang='lat' dir='ltr'>volenti</span> 
     </span>
     <span class='ocr_line' id='line_1_13' title="bbox 112 1206 1459 1282; baseline 0.002 -21"><span class='ocrx_word' id='word_1_77' title='bbox 112 1206 367 1271; x_wconf 78' lang='lat' dir='ltr'>calceus,</span> <span class='ocrx_word' id='word_1_78' title='bbox 390 1213 441 1260; x_wconf 87' lang='lat' dir='ltr'>et</span> <span class='ocrx_word' id='word_1_79' title='bbox 458 1207 685 1280; x_wconf 83' lang='lat' dir='ltr'>grandes</span> <span class='ocrx_word' id='word_1_80' title='bbox 705 1225 898 1282; x_wconf 84' lang='lat' dir='ltr'>magna</span> <span class='ocrx_word' id='word_1_81' title='bbox 923 1208 992 1264; x_wconf 83' lang='lat' dir='ltr'>ad</span> <span class='ocrx_word' id='word_1_82' title='bbox 1014 1208 1267 1264; x_wconf 85' lang='lat' dir='ltr'>subsellia</span> <span class='ocrx_word' id='word_1_83' title='bbox 1286 1227 1459 1276; x_wconf 84' lang='lat' dir='ltr'>surae,</span> 
     </span>
     <span class='ocr_line' id='line_1_14' title="bbox 114 1281 1739 1356; baseline 0.003 -21"><span class='ocrx_word' id='word_1_84' title='bbox 114 1281 352 1356; x_wconf 78' lang='lat' dir='ltr'>legibus</span> <span class='ocrx_word' id='word_1_85' title='bbox 371 1282 604 1356; x_wconf 85' lang='lat' dir='ltr'>antiquis</span> <span class='ocrx_word' id='word_1_86' title='bbox 621 1291 915 1339; x_wconf 85' lang='lat' dir='ltr'>castrorum</span> <span class='ocrx_word' id='word_1_87' title='bbox 931 1290 982 1338; x_wconf 93' lang='lat' dir='ltr'>et</span> <span class='ocrx_word' id='word_1_88' title='bbox 999 1300 1146 1339; x_wconf 88' lang='lat' dir='ltr'>more</span> <span class='ocrx_word' id='word_1_89' title='bbox 1171 1284 1380 1340; x_wconf 89' lang='lat' dir='ltr'>Camilli</span> <span class='ocrx_word' id='word_1_90' title='bbox 1689 1296 1739 1340; x_wconf 80' lang='lat'>15</span> 
     </span>
     <span class='ocr_line' id='line_1_15' title="bbox 113 1356 1207 1432; baseline 0.002 -20"><span class='ocrx_word' id='word_1_91' title='bbox 113 1363 363 1421; x_wconf 83' lang='lat' dir='ltr'>servato,</span> <span class='ocrx_word' id='word_1_92' title='bbox 391 1356 543 1411; x_wconf 88' lang='lat' dir='ltr'>miles</span> <span class='ocrx_word' id='word_1_93' title='bbox 563 1374 630 1412; x_wconf 88' lang='lat' dir='ltr'>ne</span> <span class='ocrx_word' id='word_1_94' title='bbox 649 1356 851 1413; x_wconf 87' lang='lat' dir='ltr'>vallum</span> <span class='ocrx_word' id='word_1_95' title='bbox 876 1357 1044 1432; x_wconf 86' lang='lat' dir='ltr'>litiget</span> <span class='ocrx_word' id='word_1_96' title='bbox 1060 1366 1207 1414; x_wconf 88' lang='lat' dir='ltr'>extra</span> 
     </span>
     <span class='ocr_line' id='line_1_16' title="bbox 113 1429 1391 1505; baseline 0.001 -18"><span class='ocrx_word' id='word_1_97' title='bbox 113 1443 178 1487; x_wconf 83' lang='lat' dir='ltr'>et</span> <span class='ocrx_word' id='word_1_98' title='bbox 196 1429 390 1504; x_wconf 88' lang='lat' dir='ltr'>procul</span> <span class='ocrx_word' id='word_1_99' title='bbox 412 1448 443 1484; x_wconf 83' lang='lat' dir='ltr'>a</span> <span class='ocrx_word' id='word_1_100' title='bbox 460 1432 652 1505; x_wconf 75' lang='lat' dir='ltr'>siguis,</span> <span class='ocrx_word' id='word_1_101' title='bbox 709 1433 1006 1487; x_wconf 85' lang='lat' dir='ltr'>Iustissima</span> <span class='ocrx_word' id='word_1_102' title='bbox 1025 1434 1391 1490; x_wconf 78' lang='lat' dir='ltr'>centurionum</span> 
     </span>
     <span class='ocr_line' id='line_1_17' title="bbox 114 1505 1413 1581; baseline 0.002 -19"><span class='ocrx_word' id='word_1_103' title='bbox 114 1506 368 1581; x_wconf 85' lang='lat' dir='ltr'>cognitio</span> <span class='ocrx_word' id='word_1_104' title='bbox 382 1512 462 1560; x_wconf 90' lang='lat' dir='ltr'>est</span> <span class='ocrx_word' id='word_1_105' title='bbox 485 1505 648 1580; x_wconf 86' lang='lat' dir='ltr'>igitur</span> <span class='ocrx_word' id='word_1_106' title='bbox 666 1506 732 1562; x_wconf 91' lang='lat' dir='ltr'>de</span> <span class='ocrx_word' id='word_1_107' title='bbox 749 1507 942 1577; x_wconf 91' lang='lat' dir='ltr'>milite;</span> <span class='ocrx_word' id='word_1_108' title='bbox 985 1525 1082 1564; x_wconf 88' lang='lat' dir='ltr'>nec</span> <span class='ocrx_word' id='word_1_109' title='bbox 1097 1509 1235 1566; x_wconf 89' lang='lat' dir='ltr'>mihi</span> <span class='ocrx_word' id='word_1_110' title='bbox 1251 1510 1413 1567; x_wconf 85' lang='lat' dir='ltr'>deerit</span> 
     </span>
     <span class='ocr_line' id='line_1_18' title="bbox 116 1580 1250 1657; baseline 0.004 -21"><span class='ocrx_word' id='word_1_111' title='bbox 116 1581 288 1646; x_wconf 82' lang='lat' dir='ltr'>ultio,</span> <span class='ocrx_word' id='word_1_112' title='bbox 313 1580 362 1635; x_wconf 85' lang='lat' dir='ltr'>si</span> <span class='ocrx_word' id='word_1_113' title='bbox 380 1580 546 1637; x_wconf 90' lang='lat' dir='ltr'>iustae</span> <span class='ocrx_word' id='word_1_114' title='bbox 563 1581 790 1639; x_wconf 86' lang='lat' dir='ltr'>defertur</span> <span class='ocrx_word' id='word_1_115' title='bbox 811 1600 969 1639; x_wconf 86' lang='lat' dir='ltr'>causa</span> <span class='ocrx_word' id='word_1_116' title='bbox 987 1584 1250 1657; x_wconf 86' lang='lat' dir='ltr'>querelae.</span> 
     </span>
    </p>

    <p class='ocr_par' dir='ltr' id='par_1_6' title="bbox 117 1654 1736 1801">
     <span class='ocr_line' id='line_1_19' title="bbox 117 1654 1736 1731; baseline 0.001 -20"><span class='ocrx_word' id='word_1_117' title='bbox 117 1657 262 1713; x_wconf 85' lang='lat' dir='ltr'>Tota</span> <span class='ocrx_word' id='word_1_118' title='bbox 281 1654 470 1711; x_wconf 86' lang='lat' dir='ltr'>cohors</span> <span class='ocrx_word' id='word_1_119' title='bbox 489 1664 662 1714; x_wconf 91' lang='lat' dir='ltr'>tamen</span> <span class='ocrx_word' id='word_1_120' title='bbox 681 1667 760 1715; x_wconf 87' lang='lat' dir='ltr'>est</span> <span class='ocrx_word' id='word_1_121' title='bbox 778 1660 1008 1724; x_wconf 86' lang='lat' dir='ltr'>inimica,</span> <span class='ocrx_word' id='word_1_122' title='bbox 1033 1676 1325 1731; x_wconf 86' lang='lat' dir='ltr'>omnesque</span> <span class='ocrx_word' id='word_1_123' title='bbox 1343 1659 1564 1730; x_wconf 86' lang='lat' dir='ltr'>manipli</span> <span class='ocrx_word' id='word_1_124' title='bbox 1685 1669 1736 1712; x_wconf 75' lang='lat'>2⁰</span> 
     </span>
     <span class='ocr_line' id='line_1_20' title="bbox 117 1732 1362 1801; baseline -0.001 -14"><span class='ocrx_word' id='word_1_125' title='bbox 117 1745 405 1787; x_wconf 82' lang='lat' dir='ltr'>consensu</span> <span class='ocrx_word' id='word_1_126' title='bbox 425 1747 620 1801; x_wconf 81' lang='lat' dir='ltr'>magno</span> <span class='ocrx_word' id='word_1_127' title='bbox 639 1732 902 1800; x_wconf 81' lang='lat' dir='ltr'>officiunt3</span> <span class='ocrx_word' id='word_1_128' title='bbox 944 1733 1196 1787; x_wconf 88' lang='lat' dir='ltr'>curabilis</span> <span class='ocrx_word' id='word_1_129' title='bbox 1215 1740 1275 1787; x_wconf 89' lang='lat' dir='ltr'>ut</span> <span class='ocrx_word' id='word_1_130' title='bbox 1293 1733 1362 1786; x_wconf 90' lang='lat' dir='ltr'>sit</span> 
     </span>
    </p>

    <p class='ocr_par' dir='ltr' id='par_1_7' title="bbox 119 1801 1628 1952">
     <span class='ocr_line' id='line_1_21' title="bbox 119 1801 1628 1879; baseline -0.001 -17"><span class='ocrx_word' id='word_1_131' title='bbox 119 1801 392 1865; x_wconf 82' lang='lat' dir='ltr'>vindicta,</span> <span class='ocrx_word' id='word_1_132' title='bbox 414 1808 464 1855; x_wconf 86' lang='lat' dir='ltr'>et</span> <span class='ocrx_word' id='word_1_133' title='bbox 479 1803 707 1874; x_wconf 86' lang='lat' dir='ltr'>gravior,</span> <span class='ocrx_word' id='word_1_134' title='bbox 729 1805 1117 1875; x_wconf 83' lang='lat' dir='ltr'>quaminiuria.</span> <span class='ocrx_word' id='word_1_135' title='bbox 1155 1805 1389 1877; x_wconf 82' lang='lat' dir='ltr'>Dignum</span> <span class='ocrx_word' id='word_1_136' title='bbox 1399 1805 1628 1879; x_wconf 88' lang='lat' dir='ltr'>eritergo</span> 
     </span>
     <span class='ocr_line' id='line_1_22' title="bbox 119 1875 1430 1952; baseline 0 -20"><span class='ocrx_word' id='word_1_137' title='bbox 119 1875 503 1936; x_wconf 76' lang='lat' dir='ltr'>declamatoris</span> <span class='ocrx_word' id='word_1_138' title='bbox 527 1877 840 1933; x_wconf 85' lang='lat' dir='ltr'>Mutinensis</span> <span class='ocrx_word' id='word_1_139' title='bbox 859 1877 1012 1934; x_wconf 87' lang='lat' dir='ltr'>corde</span> <span class='ocrx_word' id='word_1_140' title='bbox 1027 1877 1251 1952; x_wconf 79' lang='lat' dir='ltr'>Vagelll,</span> <span class='ocrx_word' id='word_1_141' title='bbox 1425 1895 1430 1900; x_wconf 90' lang='lat'><em>·</em></span> 
     </span>
    </p>

    <p class='ocr_par' dir='ltr' id='par_1_8' title="bbox 122 1949 1737 2178">
     <span class='ocr_line' id='line_1_23' title="bbox 122 1949 1550 2028; baseline -0.001 -18"><span class='ocrx_word' id='word_1_142' title='bbox 122 1969 313 2028; x_wconf 91' lang='lat' dir='ltr'>quum</span> <span class='ocrx_word' id='word_1_143' title='bbox 333 1949 440 2005; x_wconf 92' lang='lat' dir='ltr'>duo</span> <span class='ocrx_word' id='word_1_144' title='bbox 457 1967 608 2006; x_wconf 84' lang='lat' dir='ltr'>crura</span> <span class='ocrx_word' id='word_1_145' title='bbox 627 1951 840 2018; x_wconf 83' lang='lat' dir='ltr'>habeas,</span> <span class='ocrx_word' id='word_1_146' title='bbox 870 1951 1131 2008; x_wconf 86' lang='lat' dir='ltr'>offendere</span> <span class='ocrx_word' id='word_1_147' title='bbox 1148 1959 1223 2007; x_wconf 83' lang='lat' dir='ltr'>tot</span> <span class='ocrx_word' id='word_1_148' title='bbox 1239 1951 1451 2026; x_wconf 84' lang='lat' dir='ltr'>caligas,</span> <span class='ocrx_word' id='word_1_149' title='bbox 1474 1960 1550 2008; x_wconf 82' lang='lat' dir='ltr'>tot</span> 
     </span>
     <span class='ocr_line' id='line_1_24' title="bbox 124 2025 1737 2101; baseline -0.002 -16"><span class='ocrx_word' id='word_1_150' title='bbox 124 2027 311 2086; x_wconf 87' lang='lat' dir='ltr'>millia</span> <span class='ocrx_word' id='word_1_151' title='bbox 328 2025 637 2082; x_wconf 42' lang='lat' dir='ltr'>clavorum,</span> <span class='ocrx_word' id='word_1_152' title='bbox 676 2027 809 2094; x_wconf 85' lang='lat' dir='ltr'>Quis</span> <span class='ocrx_word' id='word_1_153' title='bbox 829 2035 938 2082; x_wconf 88' lang='lat' dir='ltr'>tam</span> <span class='ocrx_word' id='word_1_154' title='bbox 954 2026 1138 2101; x_wconf 89' lang='lat' dir='ltr'>procul</span> <span class='ocrx_word' id='word_1_155' title='bbox 1160 2028 1297 2084; x_wconf 86' lang='lat' dir='ltr'>absit</span> <span class='ocrx_word' id='word_1_156' title='bbox 1315 2028 1383 2083; x_wconf 81' lang='lat' dir='ltr'>ab</span> <span class='ocrx_word' id='word_1_157' title='bbox 1404 2027 1576 2083; x_wconf 65' lang='lat' dir='ltr'>Urbe?</span> <span class='ocrx_word' id='word_1_158' title='bbox 1686 2038 1737 2082; x_wconf 82' lang='lat'>25</span> 
     </span>
     <span class='ocr_line' id='line_1_25' title="bbox 128 2101 1546 2178; baseline -0.001 -18"><span class='ocrx_word' id='word_1_159' title='bbox 128 2109 401 2177; x_wconf 83' lang='lat' dir='ltr'>praeterea</span> <span class='ocrx_word' id='word_1_160' title='bbox 426 2101 548 2174; x_wconf 87' lang='lat' dir='ltr'>quis</span> <span class='ocrx_word' id='word_1_161' title='bbox 566 2109 674 2158; x_wconf 85' lang='lat' dir='ltr'>tam</span> <span class='ocrx_word' id='word_1_162' title='bbox 698 2102 939 2178; x_wconf 76' lang='lat' dir='ltr'>Pylade8‚</span> <span class='ocrx_word' id='word_1_163' title='bbox 962 2102 1158 2159; x_wconf 91' lang='lat' dir='ltr'>molem</span> <span class='ocrx_word' id='word_1_164' title='bbox 1184 2103 1389 2178; x_wconf 85' lang='lat' dir='ltr'>aggeris</span> <span class='ocrx_word' id='word_1_165' title='bbox 1407 2103 1546 2160; x_wconf 87' lang='lat' dir='ltr'>ultra</span> 
     </span>
    </p>

    <p class='ocr_par' dir='ltr' id='par_1_9' title="bbox 129 2176 1475 2312">
     <span class='ocr_line' id='line_1_26' title="bbox 129 2176 1475 2251; baseline -0.001 -16"><span class='ocrx_word' id='word_1_166' title='bbox 129 2186 195 2235; x_wconf 90' lang='lat' dir='ltr'>ut</span> <span class='ocrx_word' id='word_1_167' title='bbox 216 2176 432 2234; x_wconf 76' lang='lat' dir='ltr'>veniat?</span> <span class='ocrx_word' id='word_1_168' title='bbox 466 2178 753 2235; x_wconf 85' lang='lat' dir='ltr'>Lacrumae</span> <span class='ocrx_word' id='word_1_169' title='bbox 775 2178 1037 2235; x_wconf 87' lang='lat' dir='ltr'>siccentur</span> <span class='ocrx_word' id='word_1_170' title='bbox 1053 2185 1324 2251; x_wconf 87' lang='lat' dir='ltr'>protenus,</span> <span class='ocrx_word' id='word_1_171' title='bbox 1347 2188 1399 2236; x_wconf 87' lang='lat' dir='ltr'>et</span> <span class='ocrx_word' id='word_1_172' title='bbox 1418 2197 1475 2234; x_wconf 86' lang='lat' dir='ltr'>se</span> 
     </span>
     <span class='ocr_line' id='line_1_27' title="bbox 133 2253 1202 2312; baseline 0.002 -3"><span class='ocrx_word' id='word_1_173' title='bbox 133 2259 479 2309; x_wconf 86' lang='lat' dir='ltr'>excusaturos</span> <span class='ocrx_word' id='word_1_174' title='bbox 498 2271 606 2310; x_wconf 88' lang='lat' dir='ltr'>non</span> <span class='ocrx_word' id='word_1_175' title='bbox 625 2253 968 2311; x_wconf 79' lang='lat' dir='ltr'>sollicitemus</span> <span class='ocrx_word' id='word_1_176' title='bbox 986 2255 1202 2312; x_wconf 64' lang='lat' dir='ltr'>amicost.</span> 
     </span>
    </p>

    <p class='ocr_par' dir='ltr' id='par_1_10' title="bbox 133 2327 1395 2403">
     <span class='ocr_line' id='line_1_28' title="bbox 133 2327 1395 2403; baseline -0.002 -19"><span class='ocrx_word' id='word_1_177' title='bbox 133 2330 214 2384; x_wconf 86' lang='lat' dir='ltr'>Da</span> <span class='ocrx_word' id='word_1_178' title='bbox 233 2333 446 2397; x_wconf 82' lang='lat' dir='ltr'>testem3</span> <span class='ocrx_word' id='word_1_179' title='bbox 490 2328 651 2385; x_wconf 82' lang='lat' dir='ltr'>iudex</span> <span class='ocrx_word' id='word_1_180' title='bbox 667 2348 837 2403; x_wconf 89' lang='lat' dir='ltr'>quum</span> <span class='ocrx_word' id='word_1_181' title='bbox 864 2330 1072 2397; x_wconf 86' lang='lat' dir='ltr'>dixerit,</span> <span class='ocrx_word' id='word_1_182' title='bbox 1096 2329 1286 2385; x_wconf 86' lang='lat' dir='ltr'>audeat</span> <span class='ocrx_word' id='word_1_183' title='bbox 1304 2327 1395 2383; x_wconf 90' lang='lat' dir='ltr'>ille</span> 
     </span>
    </p>

    <p class='ocr_par' dir='ltr' id='par_1_11' title="bbox 136 2402 1735 2608">
     <span class='ocr_line' id='line_1_29' title="bbox 136 2402 1735 2477; baseline -0.001 -19"><span class='ocrx_word' id='word_1_184' title='bbox 136 2403 316 2458; x_wconf 83' lang='lat' dir='ltr'>nescio</span> <span class='ocrx_word' id='word_1_185' title='bbox 340 2402 483 2474; x_wconf 77' lang='lat' dir='ltr'>quie,</span> <span class='ocrx_word' id='word_1_186' title='bbox 512 2419 721 2477; x_wconf 87' lang='lat' dir='ltr'>pugnos</span> <span class='ocrx_word' id='word_1_187' title='bbox 740 2405 836 2476; x_wconf 91' lang='lat' dir='ltr'>qui</span> <span class='ocrx_word' id='word_1_188' title='bbox 860 2406 1011 2470; x_wconf 87' lang='lat' dir='ltr'>vidit,</span> <span class='ocrx_word' id='word_1_189' title='bbox 1035 2406 1225 2470; x_wconf 87' lang='lat' dir='ltr'>dicere,</span> <span class='ocrx_word' id='word_1_190' title='bbox 1249 2403 1389 2468; x_wconf 90' lang='lat' dir='ltr'>Vidi,</span> <span class='ocrx_word' id='word_1_191' title='bbox 1684 2412 1735 2456; x_wconf 83' lang='lat'>30</span> 
     </span>
     <span class='ocr_line' id='line_1_30' title="bbox 138 2476 1420 2608; baseline -0.002 -74"><span class='ocrx_word' id='word_1_192' title='bbox 138 2486 190 2534; x_wconf 88' lang='lat' dir='ltr'>et</span> <span class='ocrx_word' id='word_1_193' title='bbox 208 2476 416 2532; x_wconf 88' lang='lat' dir='ltr'>credam</span> <span class='ocrx_word' id='word_1_194' title='bbox 437 2477 661 2608; x_wconf 57' lang='lat' dir='ltr'>dignum</span> <span class='ocrx_word' id='word_1_195' title='bbox 686 2478 847 2536; x_wconf 85' lang='lat' dir='ltr'>barba</span> <span class='ocrx_word' id='word_1_196' title='bbox 866 2478 1200 2553; x_wconf 86' lang='lat' dir='ltr'>dignumque</span> <span class='ocrx_word' id='word_1_197' title='bbox 1216 2476 1420 2549; x_wconf 86' lang='lat' dir='ltr'>capillis</span> 
     </span>
    </p>

    <p class='ocr_par' dir='ltr' id='par_1_12' title="bbox 140 2550 1370 2625">
     <span class='ocr_line' id='line_1_31' title="bbox 140 2550 1370 2625; baseline -0.001 -17"><span class='ocrx_word' id='word_1_198' title='bbox 140 2553 423 2608; x_wconf 85' lang='lat' dir='ltr'>maiorum.</span> <span class='ocrx_word' id='word_1_199' title='bbox 527 2552 652 2607; x_wconf 90' lang='lat' dir='ltr'>itius</span> <span class='ocrx_word' id='word_1_200' title='bbox 670 2550 864 2607; x_wconf 76' lang='lat' dir='ltr'>falsum</span> <span class='ocrx_word' id='word_1_201' title='bbox 886 2554 1169 2625; x_wconf 86' lang='lat' dir='ltr'>producere</span> <span class='ocrx_word' id='word_1_202' title='bbox 1187 2561 1370 2609; x_wconf 88' lang='lat' dir='ltr'>testem</span> 
     </span>
    </p>
   </div>
   <div class='ocr_carea' id='block_1_3' title="bbox 141 2627 1457 2777">
    <p class='ocr_par' dir='ltr' id='par_1_13' title="bbox 141 2627 1457 2777">
     <span class='ocr_line' id='line_1_32' title="bbox 141 2627 1457 2701; baseline -0.001 -17"><span class='ocrx_word' id='word_1_203' title='bbox 141 2634 317 2684; x_wconf 88' lang='lat' dir='ltr'>contra</span> <span class='ocrx_word' id='word_1_204' title='bbox 335 2643 602 2701; x_wconf 85' lang='lat' dir='ltr'>paganum</span> <span class='ocrx_word' id='word_1_205' title='bbox 622 2627 812 2700; x_wconf 89' lang='lat' dir='ltr'>possis,</span> <span class='ocrx_word' id='word_1_206' title='bbox 836 2645 999 2700; x_wconf 88' lang='lat' dir='ltr'>quam</span> <span class='ocrx_word' id='word_1_207' title='bbox 1017 2647 1139 2685; x_wconf 84' lang='lat' dir='ltr'>vera</span> <span class='ocrx_word' id='word_1_208' title='bbox 1158 2628 1457 2701; x_wconf 89' lang='lat' dir='ltr'>loquentem</span> 
     </span>
     <span class='ocr_line' id='line_1_33' title="bbox 143 2700 1397 2777; baseline 0 -19"><span class='ocrx_word' id='word_1_209' title='bbox 143 2710 319 2758; x_wconf 83' lang='lat' dir='ltr'>eontra</span> <span class='ocrx_word' id='word_1_210' title='bbox 337 2700 603 2758; x_wconf 85' lang='lat' dir='ltr'>fortunam</span> <span class='ocrx_word' id='word_1_211' title='bbox 622 2704 809 2759; x_wconf 64' lang='lat' dir='ltr'>amati</span> <span class='ocrx_word' id='word_1_212' title='bbox 826 2712 1110 2777; x_wconf 85' lang='lat' dir='ltr'>contraque</span> <span class='ocrx_word' id='word_1_213' title='bbox 1126 2704 1397 2776; x_wconf 88' lang='lat' dir='ltr'>pudorem.</span> 
     </span>
    </p>
   </div>
   <div class='ocr_carea' id='block_1_4' title="bbox 144 2757 1732 2853">
    <p class='ocr_par' dir='ltr' id='par_1_14' title="bbox 144 2757 1732 2853">
     <span class='ocr_line' id='line_1_34' title="bbox 144 2757 1732 2853; baseline -0.002 -19"><span class='ocrx_word' id='word_1_214' title='bbox 144 2776 378 2835; x_wconf 86' lang='lat' dir='ltr'>Praemia</span> <span class='ocrx_word' id='word_1_215' title='bbox 403 2794 548 2834; x_wconf 90' lang='lat' dir='ltr'>nunc</span> <span class='ocrx_word' id='word_1_216' title='bbox 570 2777 688 2846; x_wconf 83' lang='lat' dir='ltr'>alia,</span> <span class='ocrx_word' id='word_1_217' title='bbox 711 2786 868 2853; x_wconf 85' lang='lat' dir='ltr'>atque</span> <span class='ocrx_word' id='word_1_218' title='bbox 885 2778 986 2836; x_wconf 87' lang='lat' dir='ltr'>alia</span> <span class='ocrx_word' id='word_1_219' title='bbox 1004 2778 1355 2837; x_wconf 86' lang='lat' dir='ltr'>emolumenta</span> <span class='ocrx_word' id='word_1_220' title='bbox 1383 2757 1627 2837; x_wconf 81' lang='lat' dir='ltr'>notemus</span> <span class='ocrx_word' id='word_1_221' title='bbox 1681 2788 1732 2831; x_wconf 81' lang='lat'>35</span> 
     </span>
    </p>
   </div>
  </div>
 </body>
</html>
