2209 3217
733 252 1021 298 sATIRA
1053 255 1122 301 V.
1600 252 1656 302 6⁴

196 365 357 419 quum
372 343 522 402 ‘venit
536 347 761 422 expelsis
781 350 1029 404 manibus
1048 351 1254 406 sublata
1270 356 1514 411 ministri.

193 423 289 478 Sed
306 422 403 477 tibi
425 422 648 478 dimidio
666 423 976 478 constrictus
1000 441 1297 484 cammarus
1316 444 1412 483 ovo

191 497 414 569 ponitur,
438 498 631 570 exigua
648 496 824 560 feralis
839 515 998 553 coena
1015 498 1226 570 patella.
1723 513 1774 556 85

189 575 302 643 Ipse
321 571 614 627 Venafrano
630 574 830 643 piscem
847 572 1143 644 perfundit:
1185 581 1239 629 at
1255 574 1359 637 hic,
1384 578 1478 646 qui

136 699 145 707 ,
190 645 413 717 pallidus
433 646 645 702 affertur
665 647 855 702 misero
873 647 969 702 tibi
991 648 1176 713 caulis,
1199 647 1361 703 olebit

188 722 456 776 laternam.
516 721 651 776 Illud
670 722 813 776 enim
830 724 1018 777 vestris
1038 723 1193 778 datur
1208 722 1445 788 alveolis,
1468 725 1610 795 quod

185 813 349 851 canna
368 796 706 867 Micipsarum
728 814 881 868 prora
900 798 1150 853 subvexit
1166 806 1314 854 acuta
1330 818 1343 866 ;

185 877 394 944 propter
410 871 554 942 quod
578 872 772 928 Romae
788 888 913 926 cum
929 873 1186 928 Bocchare
1204 890 1359 928 nemo
1378 872 1606 939 lavatur3
1722 885 1772 927 90

184 945 327 1018 quod
344 952 484 999 tutos
503 945 659 1001 etiam
677 945 798 1000 facit
815 957 846 999 a·
864 947 1194 1018 serpentibus
1211 949 1350 1002 atris.

182 1019 384 1077 Mullus
402 1020 500 1074 erit
517 1019 749 1086 dominc,
774 1037 935 1093 quem
952 1022 1099 1076 misit
1116 1022 1341 1086 Corsica,
1369 1021 1450 1077 vel
1475 1038 1635 1093 quem

182 1095 650 1152 Tauromenitanae
668 1112 845 1167 rupee,
868 1097 1083 1168 quando
1098 1113 1256 1151 omne
1279 1104 1547 1168 peractum
1567 1106 1645 1150 est

179 1177 229 1224 et
248 1171 356 1224 iam
375 1168 559 1224 defecit
572 1177 811 1225 nostrum
832 1187 993 1234 mare,
1016 1170 1147 1225 dum
1166 1171 1292 1243 gula
1318 1172 1499 1235 saevit,

178 1244 382 1299 retibus
401 1243 639 1299 adsiduis
657 1246 868 1316 penitus
887 1245 1385 1300 scrutantemacello
1721 1257 1771 1299 95

176 1320 440 1391 proxima,
464 1336 561 1374 nec·
575 1320 773 1390 patitur
797 1318 1133 1393 Tyrrhenum
1149 1336 1375 1375 crescere
1392 1321 1609 1392 piscem.

174 1393 401 1450 Instruit
417 1409 540 1467 ergo
559 1393 737 1448 focum
753 1394 1047 1466 provincia:
1089 1395 1318 1450 sumitur
1337 1395 1499 1462 illinc,

175 1468 324 1541 quod
346 1476 575 1539 captator
590 1475 731 1524 emat
745 1470 933 1535 LenaS,
955 1469 1168 1525 Aurelia
1185 1470 1394 1525 vendat.

175 1543 391 1601 Virroni
409 1560 661 1599 muraena
678 1544 852 1610 datur,
876 1561 1012 1617 quae
1031 1546 1263 1600 maxima
1282 1547 1426 1601 venit

171 1619 389 1693 gurgite
404 1618 470 1672 de
488 1617 690 1675 Siculo:
734 1637 878 1683 nam,
901 1620 1032 1675 dum
1050 1637 1110 1676 se
1126 1621 1354 1675 continet
1368 1621 1574 1684 Auster,
1693 1632 1769 1674 100

172 1694 307 1749 dum
326 1692 545 1748 sedetet
558 1693 716 1748 siccat
734 1694 974 1750 madidas
992 1695 1049 1747 in
1068 1712 1270 1748 carcere
1291 1709 1508 1764 pennas,

170 1774 525 1824 contemnunt
543 1767 772 1821 mediam
788 1768 1062 1821 temeraria
1078 1766 1188 1821 lina
1208 1767 1552 1838 Charybdim.

169 1843 279 1900 Voe
300 1840 543 1913 anguilla
559 1848 754 1904 manet,
783 1841 968 1912 longae
983 1848 1201 1911 cognata
1218 1839 1479 1904 colubrae,

170 1927 260 1974 aut
279 1915 461 1990 glacie
471 1913 754 1984 adspersus
773 1913 996 1968 maculis
1015 1914 1312 1978 Tiberinus»,
1334 1914 1516 1986 etipse

171 1988 406 2049 vernula
425 1987 683 2060 riparum,
705 1988 925 2061 pinguis
949 1995 1173 2043 torrente
1195 1987 1382 2054 cloaca,
1695 2003 1770 2046 1⁰5

169 2076 220 2124 et
232 2066 432 2123 solitus
452 2062 657 2118 mediae
677 2071 915 2138 cryptam
933 2071 1202 2135 penetrare
1217 2063 1473 2119 Suburae.

245 2141 363 2213 Ipsi
383 2156 550 2211 pauca
570 2139 751 2203 velim,
775 2138 979 2194 facilem
999 2139 1046 2193 si
1063 2139 1309 2211 praebeat
1329 2153 1529 2195 aurem.

170 2218 346 2271 Nemo
364 2214 510 2286 petit,
534 2214 754 2269 modicis
772 2231 911 2287 quae
928 2215 1269 2270 mittebantur
1286 2215 1469 2270 amicis

171 2309 203 2345 a
218 2291 437 2352 Seneca,
461 2305 598 2361 quae
616 2290 737 2344 Piso
754 2290 944 2355 bonne,
966 2307 1102 2361 quae
1121 2290 1265 2346 Cotta
1291 2289 1489 2345 solebat
1555 2315 1558 2322 ·

170 2365 362 2439 largiri
380 2384 392 2427 3
435 2381 666 2436 namque
684 2373 734 2420 et
753 2364 918 2420 titulis
942 2372 994 2420 et
1009 2364 1241 2419 fascibus
1260 2363 1390 2419 olim
1693 2375 1773 2417 110
1845 2379 1850 2383 ·

169 2441 349 2495 maior
365 2438 656 2495 habebatur
671 2438 904 2495 donandi
921 2439 1115 2512 gloria:
1155 2438 1331 2493 solum

309 2516 470 2577 'mus,
492 2521 553 2568 ut
568 2530 755 2569 coenes
773 2513 1014 2570 civiliter.
1073 2514 1182 2567 Hoc
1203 2511 1331 2576 face,
1356 2519 1407 2566 et
1424 2517 1549 2575 esto,

169 2598 291 2644 esto
318 2587 399 2662 (ut
422 2606 566 2648 nunc
584 2587 757 2661 multi)
775 2587 925 2642 dives
943 2587 1060 2652 tibi,
1081 2602 1284 2658 pauper
1300 2585 1504 2641 amicis.

250 2662 476 2719 Anseris
494 2669 615 2718 ante
632 2663 812 2734 ipsum
831 2663 1014 2735 magni
1032 2662 1194 2720 iecur,
1221 2659 1495 2716 anseribus
1515 2678 1610 2733 par

171 2736 360 2800 altilis,
384 2747 433 2794 et
452 2736 575 2792 flavi
594 2735 790 2810 dignus
808 2735 944 2791 ferro
960 2734 1205 2809 Meleagri
1699 2744 1775 2784 115
