2209 3217
60 283 99 362 β
356 264 518 411 “Em
1094 297 1448 335 primurm.

365 455 439 512 Q
469 385 823 441 recensionem
861 401 1043 458 presso
1077 387 1303 461 vestigio
1338 388 1666 460 potuerimus
1705 390 1880 462 sequi.
1966 384 2081 441 Hoc
2115 361 2124 374 ⁸

470 491 798 566 exploratum
854 492 1159 560 videbatur,
1223 493 1419 550 relictis
1482 495 1750 568 plerisque
1814 497 2072 553 seriorum

469 600 808 673 opinionibus
859 601 1375 674 mutationibusque,
1426 603 1493 658 ad
1543 604 1865 676 antiquiores
1909 602 2074 661 libros
2109 593 2116 602 '

470 708 797 764 redeundum
827 726 960 775 esse,
998 711 1067 764 ita
1105 717 1302 776 tamen,
1337 716 1396 765 ut
1436 716 1487 764 et
1513 710 1819 782 sequiorum
1848 721 2069 784 reperta,

470 825 732 888 quatenus
769 816 977 888 probari
1022 825 1264 889 possent,
1313 817 1457 873 haud
1505 819 1682 873 omnia
1720 818 2071 877 reiioerentur.

468 927 650 996 Itaque
696 940 793 979 nos
837 924 927 979 hio
972 923 1026 979 in
1070 923 1248 979 Persio
1291 923 1682 991 Murmellium,
1730 925 1788 981 in
1825 927 2076 983 Iuvenale

469 1033 780 1088 Ascensium
820 1033 1052 1087 maxime
1077 1048 1269 1086 sumus
1302 1033 1485 1096 secuti,
1518 1031 1771 1088 oonsultis
1799 1021 2074 1105 nusquam

470 1153 576 1196 non
622 1139 960 1205 lectionibus,
1009 1156 1147 1212 ques
1203 1139 1261 1194 in
1310 1138 1402 1193 illo
1445 1137 1688 1194 Plumius
1736 1137 1959 1210 aliique,
2015 1142 2073 1196 in

469 1248 571 1303 hoo
626 1248 864 1320 apprime
922 1247 1141 1320 Ruperti
1197 1245 1458 1319 praeclare
1517 1254 1747 1302 enotatas
1798 1245 2132 1306 dederant..'

468 1355 944 1428 Interpunotionem
983 1354 1278 1411 innumeris
1320 1353 1446 1409 locis
1489 1353 1757 1410 meliorem
1796 1355 2080 1412 eonstitui-

470 1482 619 1532 mus;
683 1469 990 1538 argumenta
1042 1461 1273 1537 singulis
1309 1462 1635 1518 carminibus
1671 1461 1768 1517 etsi
1807 1461 2097 1546 breviora,⁸

469 1578 692 1627 attamen
743 1577 1003 1643 quantum
1051 1569 1349 1643 potuimus,
1415 1570 1558 1626 iusta
1595 1585 1658 1625 ao
1689 1567 1935 1625 distincta
1978 1571 2092 1628 εἷο-ι

469 1680 676 1744 dimus,
726 1694 834 1752 quo
879 1678 1085 1735 facilius
1133 1679 1393 1751 oqusque
1428 1677 1680 1733 carminis
1715 1694 1927 1732 summa
1963 1677 2092 1733 col--

469 1788 563 1863 ligi
608 1795 798 1861 posset.
875 1787 1212 1861 Praecipuum
1262 1785 1519 1858 pristinae
1569 1784 1805 1841 lectionis
1848 1789 2078 1842 varieta-

468 1906 572 1952 tem
614 1897 668 1952 in
712 1895 851 1953 caloe
886 1896 1050 1952 libelli
1087 1894 1315 1952 breviter
1353 1894 1672 1952 notavimus.

618 2037 730 2092 Sor.
776 2036 832 2091 d.
875 2056 978 2093 1111.
1003 2035 1146 2111 Aug.
1176 2034 1366 2102 XLIV.

1436 2140 1737 2197 Veste.
