2209 3217
529 257 595 309 90
1058 256 1482 305 IUVENALIS

525 360 903 432 Chrysogonus
921 357 1110 430 quanti
1127 357 1324 422 doceat,
1353 355 1437 412 vel
1457 354 1621 411 Pollio
1638 355 1827 427 quanti

525 434 789 489 lautorum
807 449 1018 504 pueros.
1046 440 1212 488 artem
1230 431 1477 486 scindens
1502 430 1776 485 Theodori.

522 507 716 563 Balnea
740 509 1017 573 sexcentis,
1040 514 1092 561 et
1107 507 1281 578 pluris
1300 506 1550 577 porticus,
1575 505 1758 576 inqua

525 589 758 657 gestetur
775 581 1045 646 dominus,
1065 581 1274 652 quoties
1292 579 1450 652 pluit.
1508 580 1662 635 Anne
1678 595 1932 665 serenum

418 668 497 711 ¹80
524 662 816 803 (151ξὲΡέἒῖῗᾷ
826 652 1812 802 ῗρέἑῖἑᾳυξθὴιίἓῖἰιᾚὲἓῖἰιὲῗῗέἑῇε
1824 729 2023 786 mulae.

528 808 677 862 Parte
699 805 802 861 alia
826 804 997 878 longis
1019 804 1375 860 Numidarum
1395 802 1525 859 fulta
1542 802 1809 859 columnis

527 887 711 954 surgat
726 887 778 935 et
795 879 1057 953 algentem
1076 881 1243 951 rapiat
1260 878 1494 935 coenatio
1513 877 1699 934 solem.

528 955 954 1027 Quanticumque
970 954 1185 1020 domne,
1209 954 1400 1020 veniet,
1423 952 1519 1025 qui
1539 951 1736 1007 fercula
1754 952 1906 1008 docte

420 1042 500 1086 185
527 1029 818 1102 componit:
861 1029 1050 1094 veniet,
1072 1030 1168 1101 qui
1187 1027 1537 1101 pulmentaria
1555 1026 1752 1082 condit.
1915 1039 1922 1044 ’

529 1106 635 1160 Hos
653 1106 789 1160 inter
807 1112 1019 1161 sumtus
1035 1104 1272 1160 sestertia
1290 1101 1633 1171 Quintiliano,

529 1186 592 1235 ut
607 1178 860 1249 multum,
888 1178 998 1236 duo
1015 1179 1300 1234 sufficient.
1363 1178 1465 1232 Res
1483 1174 1633 1231 nulla
1652 1175 1878 1231 minoris

529 1254 790 1310 constabit
804 1255 958 1326 patri,
983 1272 1149 1327 quam
1170 1253 1337 1309 filius.
1374 1250 1563 1308 »Unde
1587 1251 1751 1324 igitur
1768 1259 1844 1305 tot

530 1328 892 1395 Quintilianus
911 1329 1071 1384 habet
1085 1327 1326 1384 saltus‘ioe
1365 1324 1624 1398 Exempla
1643 1337 1911 1446 notum

423 1414 502 1458 190
531 1403 756 1459 fatorum
776 1403 942 1457 transi
959 1422 971 1457 ε
1012 1402 1142 1458 felix
1157 1409 1209 1457 et
1225 1401 1406 1473 pulcer
1423 1408 1476 1456 et
1491 1417 1641 1470 aoer3

531 1477 660 1533 felix
683 1483 733 1531 et
750 1476 961 1546 sapiens
979 1483 1032 1530 et
1050 1474 1248 1530 nobilis
1272 1483 1323 1530 et
1339 1490 1627 1548 generosus

536 1550 828 1622 appositam
846 1549 1029 1623 nigrae
1048 1548 1231 1604 lunam
1250 1549 1482 1604 subtexit
1498 1548 1698 1605 alutae:

532 1625 677 1689 felix,
699 1631 870 1679 orator
886 1640 1102 1696 quoque
1121 1623 1392 1679 maximus
1408 1631 1460 1678 et
1482 1623 1733 1679 iaculator
1747 1643 1760 1692 ·,

533 1707 603 1766 et,
622 1700 673 1755 si
690 1696 949 1772 perfrixit,
969 1705 1143 1754 eantat
1159 1698 1312 1754 bene.
1374 1698 1541 1754 Distat
1558 1701 1720 1764 enim,
1744 1716 1884 1772 quae

426 1785 504 1831 195
532 1775 703 1831 sidera
722 1781 773 1828 te
795 1774 1060 1847 excipiant
1076 1772 1235 1829 modo
1252 1773 1454 1846 primos
1474 1775 1808 1847 incipientem

533 1849 686 1910 edere
705 1849 937 1923 vagitus,
956 1856 1008 1905 et
1023 1849 1201 1906 adhuc
1217 1866 1249 1903 a
1272 1856 1438 1906 matre
1456 1850 1756 1905 rubentem.

533 1924 590 1979 si
617 1925 850 1979 Fortuna
866 1923 1023 1990 volet,
1047 1925 1142 1979 fies
1160 1924 1227 1979 de
1246 1924 1450 1980 rhetore
1467 1923 1651 1980 consul
1668 1944 1681 1977 ε

535 1999 583 2052 si
603 1997 742 2053 volet
759 1997 889 2053 haee
903 1998 1107 2065 eadem,
1134 1999 1229 2054 fies
1245 1997 1315 2054 de
1330 1998 1547 2055 consule
1565 1999 1757 2052 rhetor.

535 2070 815 2127 Ventidius
861 2071 994 2143 quid
1033 2072 1221 2129 enim?
1257 2073 1391 2145 quid
1420 2070 1661 2160 Tullius?
1697 2086 1835 2124 anne
1863 2070 2039 2139 aliud,

1341 2163 1505 2216 quam

427 2230 507 2273 200
536 2217 686 2273 sidus
705 2225 758 2274 et
773 2219 962 2276 occulti
983 2221 1221 2277 miranda
1240 2219 1468 2290 potentia
1492 2215 1622 2271 fati?

536 2291 715 2350 Servis
739 2311 901 2368 regna
919 2295 1143 2360 dabunt,
1164 2292 1388 2364 captivis
1406 2292 1535 2347 Fata
1550 2291 1872 2364 triumphos.

535 2366 689 2424 Felix
706 2366 798 2425 ille
815 2377 992 2425 tamen
1008 2384 1168 2425 oorvo
1185 2382 1401 2440 quoque
1417 2367 1586 2423 rarior
1602 2366 1745 2423 albo.

538 2443 799 2499 Poenituit
814 2441 1009 2498 multos
1027 2460 1198 2500 vanae
1220 2440 1521 2515 sterilisque
1538 2439 1829 2508 cathedrae,

538 2517 677 2572 sicut
692 2517 1075 2592 Thrasymachi
1118 2516 1306 2590 probat
1327 2518 1503 2574 exitus
1519 2525 1679 2591 atque
1696 2516 1919 2573 Secundi

432 2600 510 2644 205
539 2590 854 2648 Carrinatis:
895 2599 946 2648 et
964 2592 1112 2650 huno
1128 2594 1340 2666 inopem
1361 2593 1589 2658 vidistis,
1608 2592 1859 2656 Athenae,

540 2664 618 2720 nil
638 2673 839 2735 praeter
854 2667 1058 2740 gelidas
1079 2686 1242 2725 ausae
1256 2667 1489 2725 conferre
1502 2669 1720 2725 oieutas.

541 2738 605 2792 Di
633 2737 896 2796 maiorum
927 2742 1140 2802 umbiis
1162 2750 1377 2800 tenuem
1395 2750 1448 2800 et
1465 2743 1583 2800 sine
1599 2742 1829 2815 pondere
1845 2747 2045 2800 terram
