2209 3217
670 312 958 358 SATIRA
993 314 1080 359 VI.
1559 314 1625 365 69

135 408 367 464 minibus
385 406 569 464 effusis
588 407 788 465 bellum
808 410 1087 466 dirimente
1103 410 1321 470 Sabina:

136 483 265 558 (rara
286 483 400 538 avis
421 483 476 538 in
498 484 667 550 terriS,
694 485 953 559 nigroque
969 484 1245 539 simillima
1257 491 1437 562 cycno)
1657 503 1735 546 165

134 558 256 633 quis
273 557 660 624 feret‘uxorem,
688 560 775 613 cui
794 567 1033 615 constant
1047 559 1265 615 omnia?
1299 561 1455 628 Male,

139 632 282 688 malo
299 632 648 699 Venusinam,
671 650 837 705 quam
854 642 922 701 te,
946 634 1187 690 Cornelia
1207 642 1374 691 mater

138 707 514 772 Gracchorum,
537 708 726 763 sicum
749 710 959 783 magnis
978 709 1265 765 virtutibus
1290 709 1443 765 affers

134 780 332 856 grande
347 781 709 853 supercilium,
731 791 782 837 et
801 801 1050 850 numeras
1068 785 1127 840 in
1145 784 1264 839 dote
1280 785 1595 855 triumphos

135 856 278 913 Tolle
295 862 471 922 tuum,
493 873 691 928 precor,
722 857 1070 912 Hannibalem
1089 859 1399 933 victumque
1415 860 1624 934 Sypha·-

936 948 1050 987 cem
1659 946 1738 988 170

135 1006 191 1060 in
210 1003 416 1068 castris,
439 1011 631 1059 etcum
649 1013 753 1060 tota
773 1005 1088 1080 Carthagine
1105 1024 1299 1080 migra.

206 1081 389 1142 Parce,
411 1096 617 1146 precor,
652 1081 842 1145 Paean,
865 1090 913 1135 et
932 1091 1005 1145 tu,
1028 1083 1158 1146 Dea,
1172 1099 1309 1149 pone
1326 1089 1577 1152 eaqictas:

133 1156 211 1209 nil
219 1157 382 1221 pueri
397 1158 616 1222 faciunt,
640 1159 808 1223 ipsam
827 1156 1063 1225 corifiyite
1080 1157 1328 1209 matrem!

132 1227 404 1299 Amphion
423 1226 640 1283 clamat:
681 1228 775 1282 sed
794 1230 962 1283 Paean
983 1228 1244 1283 contrahit
1263 1245 1459 1285 arcum.

131 1301 338 1357 Extulit
357 1318 482 1374 ergo
505 1318 720 1375 gregem
740 1309 983 1357 natorum
1002 1303 1289 1374 ipsumque
1307 1313 1594 1375 parentem,
1660 1317 1737 1359 175

132 1376 263 1458 ἂψ
285 1375 391 1429 sibi
411 1376 637 1430 nobilior
657 1377 884 1431 Latonae
907 1385 1061 1450 gente
1079 1376 1290 1438 videtur

133 1460 292 1522 atque
308 1449 492 1504 eadem
510 1449 676 1505 scrofa
701 1451 868 1507 Niobe
886 1451 1155 1507 fecundior
1171 1452 1312 1508 alba.

134 1524 281 1592 Quae
300 1524 433 1578 tanti
451 1525 700 1598 gravitaS,
725 1543 862 1598 quae
877 1526 1064 1593 forma,
1085 1533 1148 1581 ut
1163 1544 1221 1581 se
1242 1527 1339 1582 tibi
1359 1544 1564 1600 semper

132 1596 397 1671 imputet‘⁴.²
430 1599 601 1654 Huius
619 1601 763 1655 enim
783 1602 887 1656 rari
912 1602 1221 1674 summique
1239 1600 1484 1673 voluptas

131 1673 278 1729 nulla
300 1672 448 1737 boni,
471 1674 675 1745 quoties
695 1675 872 1729 animo
889 1684 1132 1746 corrupta
1149 1676 1378 1746 superbo
1659 1688 1737 1730 180

130 1748 252 1820 plus
273 1747 437 1810 alme,
462 1764 624 1817 quam
645 1748 819 1802 mellis
836 1749 1012 1802 habet.
1077 1750 1211 1813 Quis
1230 1748 1444 1801 deditus
1461 1757 1635 1803 autem

129 1839 304 1895 usque
323 1820 456 1876 adeo
473 1826 569 1883 est,
592 1826 654 1873 ut
677 1837 783 1874 non
804 1821 969 1885 illam,
993 1838 1157 1891 quam
1177 1820 1426 1874 laudibus
1445 1822 1606 1885 effert,

128 1899 360 1958 horreat,
390 1894 554 1964 inque
570 1892 682 1946 dies
701 1894 930 1964 septenis
946 1892 1113 1948 oderit
1132 1893 1276 1947 horis
1287 1891 1315 1945 ‘2

198 1966 485 2039 Quaedam
502 1983 665 2038 parva
684 1967 920 2039 quidem,
934 1967 1144 2022 sednon
1154 1967 1420 2023 toleranda
1429 1969 1651 2026 maritis.

128 2048 266 2102 Nam
288 2041 427 2117 quid
449 2040 733 2107 remidius,
757 2059 922 2115 quam
940 2042 1085 2115 quod
1102 2060 1162 2098 se
1180 2060 1285 2098 non
1305 2050 1507 2114 putatu
1551 2063 1581 2100 a
1658 2055 1736 2100 185

126 2121 442 2182 formosam,
466 2116 571 2171 nisi
590 2134 728 2189 quae
743 2117 998 2250 dflelgsca
1017 2118 1272 2174 Graecula
1292 2117 1420 2174 facta
1439 2128 1518 2174 est

125 2196 194 2251 de
217 2191 569 2251 Sulmonensi
588 2209 730 2248 mera
749 2192 788 2249 C
906 2192 1028 2265 pis?
1062 2192 1256 2250 Omnia
1279 2193 1492 2260 Graece,

125 2286 308 2343 quum
328 2267 400 2322 sit
416 2273 573 2338 turpe
591 2268 760 2342 magis
783 2269 993 2332 nostris,
1019 2269 1222 2324 nescire
1238 2269 1442 2323 Latine.

124 2346 237 2400 Hoc
256 2358 503 2398 sermone
523 2349 734 2413 pavent,
756 2343 858 2399 hoc
874 2345 1027 2408 iram,
1050 2343 1264 2416 gaudia,
1286 2359 1460 2407 curas,

20 2431 21 2470 f
124 2419 230 2475 hoc
245 2423 439 2472 cuncta
457 2415 736 2472 effundunt
752 2417 919 2473 animi
936 2424 1145 2472 secreta.
1184 2415 1325 2483 Quid
1345 2416 1483 2470 ultra
1494 2415 1524 2470 ‘2
1657 2428 1734 2471 190

20 2563 23 2654 ἲ

20 2681 21 2702 η

20 2861 21 2888 1

20 2915 21 2966 1

20 3039 23 3056 2

20 3065 29 3188 l

124 2490 495 2550 concumbunt
513 2489 724 2546 Graece.
781 2494 953 2547 Dones
970 2498 1146 2546 tamen
1172 2491 1271 2544 ista
1290 2489 1512 2561 puellis:

124 2576 262 2624 tune
282 2565 463 2630 etiam,
486 2581 651 2637 quam
669 2573 853 2620 sextus
869 2573 922 2620 et
936 2563 1291 2637 octogesimus
1309 2581 1483 2619 annus

122 2641 331 2715 pulsat,
356 2640 533 2694 adbuc
549 2638 785 2693 Graece?
819 2640 939 2692 Non
957 2644 1036 2694 est
1051 2638 1140 2692 hie
1158 2654 1333 2693 sermo
1349 2638 1576 2709 pudicus

20 2717 21 2758 1
124 2718 180 2773 in
202 2713 405 2773 vetula.
463 2712 678 2780 Quoties
703 2711 961 2767 lascivum
982 2712 1262 2766 intervenit
1280 2711 1414 2767 illud

20 2837 21 2858 ἦ
123 2799 298 2848 ΖΩΙΙ
307 2795 454 2847 ΚΑΙ
483 2786 726 2844 ΨΥΧΗῩ
762 2786 918 2845 Modo
939 2786 1043 2843 sub
1060 2785 1227 2859 lodice
1245 2785 1438 2843 relictis
1658 2794 1735 2837 195
