2209 3217
576 257 672 308 146
1102 262 1524 337 IUVENALIS

571 359 844 414 concessit.
909 360 1069 415 Necat
1084 360 1173 415 bic
1196 360 1363 430 ferr-03
1406 369 1543 417 secat
1562 360 1654 418 ille
1669 364 1905 418 cruentis

566 432 876 489 verberibus
891 452 904 502 ;
946 435 1207 506 quosdam
1227 436 1471 494 moechos
1489 443 1542 494 et
1557 436 1775 510 mugilis
1794 437 1982 494 intrat.

570 506 675 562 Sed
691 513 818 562 tuus
840 507 1146 582 Endymion
1165 509 1381 564 dilectae
1401 510 1492 565 fiet
1510 510 1714 566 adulter

566 589 861 637 matronae:
903 598 1030 637 mox
1049 600 1220 654 quum
1238 583 1439 639 dederit
1458 583 1678 641 Servilia
1697 602 1913 661 numos,

459 665 538 710 320
568 656 656 711 fiet
673 663 724 711 et
743 656 906 722 illius,
931 673 1093 728 quam
1115 673 1220 712 non
1239 664 1409 713 amat:
1449 666 1607 714 exuet
1623 676 1837 716 omnem

567 731 801 802 corporis
818 737 1059 785 ornatum
1070 772 1083 785 .
1124 787 1128 790 ,
1143 730 1284 797 Quid
1304 732 1446 787 enim
1466 731 1577 788 ulla
1595 734 1865 807 negaverit
1883 736 2016 792 udis

567 805 902 879 inguinibuS‚
930 804 1143 859 sive.est
1163 806 1291 861 haec
1308 805 1476 877 Oppia
1492 808 1608 862 sive
1626 807 1869 863 Catulla?

571 880 801 937 Deterior
819 886 950 934 totos
969 878 1127 934 habet
1146 879 1255 934 illic
1273 879 1469 936 femina
1488 898 1681 937 moi-ee.

569 953 707 1010 »Sed
731 960 874 1008 casto
900 954 1033 1025 quid
1052 952 1219 1009 forma
1247 953 1468 1009 nocet'?«
1514 953 1656 1022 Quid
1681 954 1880 1026 profuit
1898 957 2072 1015 immo

459 1038 538 1083 325
567 1028 850 1101 Hippolyto
875 1044 1037 1102 grave
1069 1028 1437 1101 propositum?
1480 1028 1614 1101 quid
1640 1029 2073 1107 Bellerophonti?

568 1103 800 1159 Erubuit
813 1120 1002 1174 nempe
1019 1103 1164 1167 baec,
1186 1120 1282 1158 ceu
1301 1102 1549 1169 fastidita,
1573 1103 1805 1176 repulsa.

568 1180 675 1233 Nec
682 1177 1004 1233 Stheneboea
1015 1179 1215 1243 minus,
1231 1178 1610 1249 quamcressa,
1631 1177 1937 1247 excanduit,
1952 1191 2072 1238 etse

565 1268 876 1307 concussere
895 1252 1100 1308 ambae.
1164 1252 1355 1310 Mulier
1377 1252 1687 1309 saevissima
1702 1261 1833 1308 tunc
1849 1266 1951 1319 est,

567 1331 741 1399 quum
757 1324 1002 1381 stimulos
1020 1327 1141 1382 odio
1150 1327 1322 1399 pudor
1330 1327 1588 1384 admovet.
1617 1326 1786 1400 Elige,
1799 1328 2069 1399 quidnam

457 1411 536 1455 330
564 1399 900 1456 suadendum
920 1417 1034 1455 esse
1053 1408 1225 1471 putes,
1248 1402 1336 1456 cui
1359 1403 1560 1458 nubere
1577 1401 1813 1458 Caesaris
1834 1419 1978 1460 uxor

563 1472 824 1530 destinat?
860 1471 1107 1543 OptImus
1125 1474 1231 1539 hic,
1259 1482 1312 1530 et
1333 1474 1750 1532 formosissimus
1770 1477 1913 1533 idem

564 1547 738 1622 gentis
756 1545 1019 1618 patriciae,
1042 1548 1245 1619 rapitur
1262 1548 1424 1604 miser
1440 1551 1864 1623 exstinguendus

528 1645 535 1650 ⁴
566 1619 878 1680 Messalinae
894 1619 1091 1677 oculis:
1132 1621 1341 1678 dudum
1360 1623 1503 1680 sedet
1525 1623 1620 1680 illa
1638 1633 1818 1697 parato

564 1696 879 1762 flammeolo,
902 1696 1205 1770 Tyriusque
1223 1696 1399 1769 palam
1418 1699 1642 1773 genialis
1662 1700 1718 1755 in
1738 1700 1906 1756 bortis

457 1783 536 1827 335
563 1774 832 1839 sternitur,
854 1779 906 1827 et
922 1772 1026 1828 ritu
1049 1772 1220 1828 decies
1237 1781 1452 1829 centena
1472 1775 1740 1831 dabuntur

565 1848 811 1919 antiquo;
853 1847 1028 1902 veniet
1051 1864 1175 1903 cum
1196 1850 1553 1922 signatoribus
1573 1865 1787 1921 auspex.

565 1924 703 1977 Haec
717 1928 778 1976 tu
796 1929 990 1976 secreta
1014 1928 1065 1975 et
1082 1923 1265 1992 paucis
1286 1924 1568 1978 commissa
1590 1923 1849 1993 putabas?

565 1998 702 2058 Non,
727 1994 834 2048 nisi
853 1993 1104 2064 legitime,
1130 1996 1247 2051 vult
1260 1998 1479 2052 nubere.
1539 1997 1681 2062 Quid
1704 1996 1924 2065 placeat,
1951 2001 2063 2059 dic:

565 2070 623 2123 ni
641 2083 824 2138 parere
841 2065 997 2129 velis,
1016 2069 1348 2138 pereundum
1370 2070 1470 2125 erit
1491 2077 1611 2125 ante
1627 2068 1900 2127 lucernas:

456 2150 537 2197 340
566 2143 613 2196 si
641 2140 815 2195 scelus
839 2139 1105 2207 admittaS,
1135 2142 1347 2198 dabitur
1376 2160 1520 2198 mora
1539 2142 1777 2213 parvula,
1800 2142 1940 2203 dum
1963 2169 2044 2207 ωε

564 2225 687 2274 nota
707 2214 832 2271 Urbi
853 2222 904 2269 et
920 2213 1135 2286 populo,
1157 2217 1424 2289 contingat
1441 2217 1699 2288 Principis
1719 2234 1896 2276 aureS.

564 2290 798 2352 Dedecus
816 2289 907 2345 ille
924 2288 1118 2345 domus
1138 2290 1264 2345 sciet
1282 2290 1532 2347 ultimus:
1575 2291 1769 2348 interea
1787 2301 1848 2348 tu

564 2367 856 2438 obsequere
873 2366 1115 2436 imperio,
1138 2366 1185 2420 si
1204 2366 1336 2421 tanti
1353 2367 1460 2422 vita
1481 2366 1690 2423 dierum

564 2458 875 2513 paucorum.
940 2438 1217 2513 Quidquid
1236 2439 1408 2498 levius
1433 2441 1733 2515 meliusque
1756 2445 1984 2514 putaris,

457 2523 535 2570 345
564 2515 864 2587 praebenda
890 2521 972 2571 est
985 2514 1165 2591 gladio
1186 2515 1371 2589 pulcra
1389 2517 1519 2573 haec
1540 2527 1594 2574 et
1608 2518 1834 2573 candida
1857 2524 2064 2577 cervix.

640 2589 765 2644 »Nil
785 2608 911 2665 ergo
933 2592 1192 2663 optabunt
1207 2592 1519 2649 homines?«
1564 2592 1621 2648 Si
1642 2593 1925 2649 consilium
1959 2597 2062 2657 vis,

564 2664 834 2735 permittes
855 2666 986 2736 ipsis
1004 2667 1299 2739 expendere
1316 2668 1650 2733 numinibus,
1672 2666 1806 2739 quid

564 2739 840 2794 conveniat
859 2740 1032 2807 nobis,
1056 2743 1325 2815 rebusque
1342 2744 1414 2799 sit
1429 2742 1558 2800 utile
1571 2749 1784 2798 nostris.
