2209 3217
551 247 618 301 82
1080 251 1502 300 IUVENALIS

439 362 519 405 585
547 350 812 406 Divitibus
830 367 1081 422 responsa
1099 350 1247 406 dabit
1264 350 1447 425 Phryx
1474 367 1647 424 augur
1662 359 1714 406 et
1732 352 1901 408 Indus

549 424 858 489 conductus,
881 425 1029 480 dabit
1047 433 1310 480 astrorum
1331 425 1628 497 mundique
1645 426 1866 497 perituS,

549 507 709 571 atque
726 499 922 572 aliquis
942 501 1136 564 senior,
1159 500 1254 570 qui
1273 498 1486 571 publica
1507 498 1718 572 fulgura
1735 500 1934 556 condit.

551 573 822 628 Plebeium
843 575 898 629 in
918 575 1056 633 circo
1079 576 1315 645 positum
1333 581 1412 626 est
1430 582 1480 627 et
1498 574 1555 629 in
1576 591 1765 648 aggere
1783 574 1974 631 fatum.

551 647 698 714 Quae
715 648 880 703 nullis
905 648 1124 721 longum
1144 647 1370 702 ostendit
1388 648 1682 721 cervicibus
1700 666 1914 716 aurum,

440 732 521 777 590
548 723 776 778 consulit
793 730 913 777 ante
930 722 1117 794 phalas
1135 721 1617 794 delphinorumque
1633 722 1930 790 columnas,

551 815 618 853 an
640 815 765 871 saga
783 796 1029 851 vendenti
1055 797 1223 851 nubat
1238 812 1476 868 caupone
1500 795 1697 853 relicto.

625 873 733 927 Hae
756 879 930 926 tamen
950 879 1001 925 et
1019 879 1202 942 partus
1220 871 1451 926 subeunt
1475 870 1778 937 discrimen,
1801 878 2055 930 etomnes

551 965 623 1002 nu
632 946 773 1001 tricis
790 944 1011 1001 tolerant
1029 945 1238 1002 fortuna
1258 953 1479 1019 urgente
1497 945 1728 1015 labores3

551 1023 645 1077 sed
665 1022 795 1076 iacet
814 1027 997 1076 aurato
1014 1021 1111 1077 vix
1133 1020 1241 1076 ulla
1263 1037 1518 1092 puerpera
1540 1019 1681 1076 lecto.

443 1107 521 1152 595
551 1099 780 1152 Tantum
808 1103 944 1151 artes
963 1096 1147 1162 huius,
1197 1103 1405 1151 tantum
1433 1095 1782 1150 medicamina
1802 1106 2052 1166 possunt,

551 1188 688 1243 quae
708 1171 909 1226 steriles
933 1170 1055 1226 facit
1072 1179 1231 1243 atque
1248 1170 1491 1226 homines
1509 1170 1565 1224 in
1589 1177 1775 1224 ventre
1785 1170 2055 1227 necandos

551 1245 812 1301 conducit.
880 1246 1081 1312 Gaude,
1107 1244 1312 1312 infelix,
1340 1253 1499 1317 atque
1515 1244 1629 1316 ipse
1650 1243 1948 1300 bibendum

551 1321 776 1393 porrige,
797 1320 1064 1391 quidquid
1083 1321 1209 1376 erit:
1251 1337 1378 1376 nam
1396 1320 1442 1374 si
1462 1318 1757 1374 distendere
1774 1317 1934 1376 vellet

554 1403 606 1449 et
622 1411 813 1449 vexare
832 1401 1041 1448 uterum
1059 1396 1243 1465 pueris
1259 1395 1589 1458 salientibus,
1610 1410 1752 1449 esses

444 1481 524 1525 6⁰0
551 1467 824 1538 Aethiopis
843 1467 1060 1522 fortasse
1076 1476 1249 1539 pater3
1293 1485 1419 1523 mox
1443 1468 1650 1523 decolor
1673 1468 1825 1524 heres

554 1541 795 1613 impleret
812 1540 1036 1606 tabulas,
1060 1558 1359 1613 numquam
1378 1542 1476 1596 tibi
1495 1559 1651 1597 mane
1669 1543 1955 1599 videndus·

629 1619 859 1672 Transeo
881 1617 1184 1688 suppositos
1201 1624 1252 1670 et
1271 1616 1466 1689 gaudia
1486 1623 1713 1688 votaque
1738 1635 1894 1690 saepe

553 1693 621 1750 ad
644 1709 862 1764 spurcos
881 1691 1091 1764 decepta
1112 1691 1277 1755 lacus,
1301 1699 1462 1764 atque
1479 1692 1604 1747 inde
1619 1692 1810 1764 petitos

553 1768 843 1843 pontifices,
867 1767 1053 1837 Salios,
1083 1767 1403 1823 Scaurorum
1422 1767 1639 1823 nomina
1658 1764 1793 1822 falso

446 1855 525 1900 605
553 1862 766 1917 corpore
786 1844 1002 1899 laturos·
1057 1843 1171 1899 Stat
1186 1844 1419 1899 Fortuna
1439 1842 1677 1915 improba
1697 1849 1873 1907 noctu,

555 1919 792 1975 arridens
811 1919 972 1973 nudis
989 1918 1306 1975 infantibus.
1367 1920 1474 1974 Hos
1493 1918 1633 1974 fovet
1652 1933 1836 1972 omnes
1893 1937 1896 1940 “

557 1992 886 2063 involvitque
903 1994 1054 2061 sinu3
1097 1993 1351 2048 domibus
1369 2009 1514 2048 nunc
1531 1992 1753 2065 porrigit
1770 1991 1892 2046 altis

555 2073 920 2136 secretumque
945 2067 1050 2120 sibi
1083 2069 1312 2121 mimum
1342 2074 1503 2137 parat.
1570 2066 1677 2119 Hos
1702 2074 1862 2129 amat,
1889 2066 1979 2122 his
2001 2084 2062 2123 se

557 2140 764 2214 ingerit,
788 2146 947 2210 atque
964 2156 1090 2194 suos
1112 2140 1291 2195 ridens
1311 2140 1552 2210 producit
1570 2137 1833 2192 alumnos.

448 2225 528 2270 610
630 2215 727 2270 Hic
742 2213 975 2286 magicos
994 2213 1141 2268 affert
1158 2220 1363 2277 cantus,
1387 2212 1475 2267 hic
1494 2210 1741 2267 Thessala
1767 2215 1967 2271 vendit·

556 2289 770 2362 philtra,
799 2288 999 2362 quibus
1017 2288 1187 2343 valeat
1206 2294 1434 2343 mentem
1452 2303 1646 2343 vexare
1661 2288 1858 2353 mariti,

556 2372 608 2421 et
629 2364 770 2420 solea
788 2362 1000 2436 pulsare
1019 2371 1184 2419 nates.
1247 2361 1401 2430 Quod
1418 2362 1636 2435 desipis,
1657 2360 1782 2418 inde
1795 2372 1902 2432 est;

560 2439 683 2496 inde
702 2440 866 2495 animi
884 2438 1054 2513 caligo
1071 2446 1124 2494 et
1140 2456 1334 2511 magna
1353 2438 1556 2494 oblivio
1573 2453 1772 2505 rerum,

559 2532 696 2586 quas
725 2514 885 2570 modo
911 2515 1146 2588 gessisti.
1211 2516 1427 2570 Tamen
1452 2514 1552 2569 hoc
1569 2512 1854 2578 tolerabile,
1880 2514 2062 2571 sinon

453 2599 532 2642 6¹5
560 2596 612 2644 et
629 2588 802 2643 furere
822 2590 1062 2662 incipias,
1084 2598 1148 2647 ut
1165 2589 1467 2647 avunculus
1485 2589 1576 2645 ille
1592 2587 1834 2652 Neronis,
2141 2590 2152 2600 “

559 2662 646 2717 cui
672 2671 827 2717 totam
849 2666 1061 2722 tremuli
1081 2666 1306 2723 frontem
1331 2665 1581 2721 Caesonia
1600 2662 1736 2735 pulli

563 2735 774 2791 infudit·
841 2736 988 2803 Quae
1006 2758 1114 2797 non
1136 2740 1306 2807 faciet,
1329 2740 1477 2813 quod
1492 2737 1754 2809 Principis
1772 2736 1949 2792 uxor?
