2209 3217
616 194 712 247 444
1139 195 1560 245 IUVENALIS

613 297 881 362 continue,
903 308 1159 370 tanquam
1179 303 1231 352 et
1247 297 1460 352 tubicen
1480 293 1767 350 surrexerit
1784 310 1904 350 una.

613 373 755 444 Ergo
774 371 972 443 ignem,
996 372 1152 426 cuius
1169 371 1428 426 scintillas
1445 370 1561 442 ipse
1578 368 1789 434 dedisti,

507 454 585 500 245
613 445 922 519 flagrantem
942 445 1044 500 late
1066 454 1119 500 et
1137 446 1426 517 rapientem
1444 452 1630 499 cuncta
1651 443 1877 498 videbis.

614 521 723 576 Nec
740 519 837 574 tibi
856 528 1096 592 parcetur
1115 520 1325 584 misero,
1350 519 1722 590 trepidumque
1739 517 2061 591 magistrum

619 595 676 650 in
701 611 858 649 cavea
878 611 1075 667 magno
1093 593 1306 648 fremitu
1326 593 1407 648 leo
1422 592 1568 648 tollet
1584 591 1858 647 alumnus.

617 670 751 724 Nota
771 668 1153 724 mathematicis
1169 667 1380 741 genesis
1398 675 1517 722 tua:
1559 666 1654 722 sed
1671 683 1851 740 grave,
1874 664 2053 720 tardas

616 751 919 815 exspectare
938 741 1107 797 colus.
1148 742 1387 797 Morieris
1406 741 1634 796 stamine
1651 740 1892 795 nondum

509 828 589 871 25⁰
617 818 861 889 abrupto.
918 818 1030 871 Iam
1050 833 1197 872 nunc
1212 817 1390 871 obstas
1408 822 1460 871 et
1476 823 1596 871 vota
1613 815 1863 870 moraris:

619 893 727 946 iam
745 897 952 963 torquet
969 891 1217 946 iuvenem
1236 890 1394 964 longa
1411 898 1464 945 et
1478 890 1687 945 cervina
1705 896 1963 945 senectus.

620 966 782 1022 Ocius
810 965 1144 1040 Archigenen
1169 982 1379 1038 quaere,
1412 972 1569 1093 {itque
1589 981 1722 1029 eme,
1746 963 1892 1036 quod
1909 963 2134 1019 Mithri-

1465 1045 1576 1093 ates

619 1114 935 1188 composuit,
954 1114 1003 1169 si
1022 1115 1107 1169 vis
1127 1114 1284 1169 aliam
1305 1130 1612 1184 concerpere
1632 1112 1812 1178 ficum,

622 1196 780 1261 etque
817 1189 947 1244 alias
985 1196 1200 1245 tractare
1230 1206 1398 1245 rosas.
1459 1186 1783 1243 Medicamen
1811 1187 2132 1243 habendum

1428 1270 1527 1328 est·

515 1347 593 1390 255
621 1336 833 1392 sorbere
851 1344 971 1393 ante
987 1338 1169 1393 cibum
1188 1337 1337 1410 quod
1358 1338 1546 1394 debeat
1562 1344 1612 1391 et
1628 1344 1775 1408 pater
1792 1344 1844 1392 et
1862 1354 1971 1392 rex.

622 1411 856 1465 Monstro
875 1411 1197 1482 voluptatem
1215 1415 1499 1486 egregiam,
1524 1411 1610 1466 cui
1632 1411 1778 1467 nulla
1798 1412 2018 1475 theatra,

624 1483 772 1538 nulla
791 1501 1016 1555 aequare
1039 1503 1207 1556 queas
1229 1487 1485 1540 Praetoris
1503 1486 1709 1558 pulpita
1728 1486 1884 1542 lauti:

624 1559 674 1613 si
692 1565 914 1630 spectaS,
935 1566 1137 1629 quanto
1153 1559 1339 1630 capitis
1357 1558 1664 1614 discrimine
1687 1568 1927 1616 constant

625 1634 942 1688 incrementa
963 1632 1176 1696 domus,
1197 1640 1367 1689 aerata
1386 1633 1592 1689 multus
1611 1634 1668 1690 in
1688 1652 1807 1691 arca

489 1704 596 1763 'aso
627 1708 804 1773 fiscus,
827 1715 878 1764 et
904 1708 970 1763 ad
990 1708 1208 1782 vigilem
1227 1709 1458 1781 ponendi
1478 1708 1691 1766 Castora
1712 1710 1883 1775 numi,

626 1800 695 1839 ex
719 1800 828 1854 quo
847 1784 987 1839 Mars
1009 1784 1148 1840 ultor
1161 1784 1369 1859 galeam
1389 1802 1603 1858 quoque
1620 1785 1866 1857 perdidit,
1890 1793 1943 1840 et
1959 1803 2046 1843 res

628 1874 734 1912 non
759 1859 928 1930 potuit
944 1876 1156 1916 servare
1173 1878 1319 1920 suas.
1377 1861 1519 1934 Ergo
1538 1860 1717 1915 omnia
1741 1858 1927 1916 Florae

627 1939 678 1986 et
697 1932 899 1988 Cereris
921 1932 1039 1989 licet
1054 1942 1106 1989 et
1126 1934 1348 2008 Cybeles
1368 1934 1549 1990 aulaea
1567 1933 1866 2005 relinquas:

626 2014 772 2062 tanto
790 2007 1013 2062 maiores
1032 2008 1268 2066 humana
1287 2010 1496 2082 negotia
1514 2008 1650 2063 ludi.

522 2092 600 2136 265
628 2081 713 2135 An
732 2082 904 2154 magis
926 2082 1191 2137 oblectant
1208 2083 1449 2137 animum
1472 2083 1657 2136 iactata
1672 2087 1891 2152 petauro

630 2172 862 2227 corpora,
883 2156 1086 2228 quique
1103 2155 1273 2210 solent
1295 2164 1494 2211 rectum
1513 2154 1827 2209 descendere
1844 2152 2052 2225 funem,

630 2247 796 2304 quam
814 2238 892 2295 tu,
915 2228 1136 2305 Corycia
1153 2246 1365 2301 semper
1380 2230 1480 2302 qui
1496 2245 1677 2300 puppe
1694 2230 1920 2286 moraris

632 2313 791 2377 atque
809 2304 1033 2370 habitas,
1056 2303 1190 2361 Coro
1207 2320 1416 2377 semper
1431 2303 1697 2360 tollendus
1720 2311 1773 2360 et
1791 2304 1988 2362 Austro

631 2379 889 2451 perditae,
917 2398 948 2436 a
966 2379 1161 2436 Siculis
1179 2380 1317 2436 sacci
1335 2379 1590 2436 mereator
1605 2378 1795 2436 olentis
1810 2400 1825 2450 ;

524 2465 604 2509 270
634 2454 727 2525 qui
748 2456 967 2528 gaudes,
993 2455 1182 2530 pingui
1202 2455 1451 2529 antiquae
1467 2454 1535 2512 de
1554 2455 1702 2511 litore
1722 2454 1904 2512 Cretae

635 2545 855 2655 gessum
876 2540 928 2585 et
944 2531 1242 2603 municipes
1261 2531 1401 2587 Iovis
1419 2531 1698 2588 advexisse
1719 2529 1968 2605 lagenas?

683 2603 731 2654 ic
749 2608 945 2670 tamen,
968 2607 1183 2678 ancipiti
1204 2607 1373 2680 figens
1390 2606 1613 2680 vestigia
1636 2604 1833 2677 planta,

635 2676 837 2730 victum
857 2677 949 2733 illa
967 2681 1207 2737 mercede
1228 2688 1394 2754 parat,
1421 2683 1777 2752 brumamque
1795 2678 2093 2751 famemque
