2209 3217
447 377 499 419 80

446 1125 497 1167 90

444 1498 494 1541 95

556 262 623 314 56
1075 266 1505 314 IUVENALIS

555 365 878 437 temporibus
897 365 1027 421 diris
1046 368 1312 422 tractanda
1331 351 1549 438 putabat
1572 364 1763 420 inermi

559 440 770 495 iustitia.
833 441 987 497 Venit
1004 450 1056 496 et
1072 442 1245 512 Crispi
1265 441 1491 495 iucunda
1517 448 1774 505 senectuS,

552 514 705 570 ouius
725 523 871 570 erant
896 533 1082 582 mores,
1107 517 1284 589 qualis
1302 514 1563 578 facundia,
1594 515 1719 569 mite

556 590 851 663 ingenium.
910 591 1072 647 Maria
1092 608 1154 644 ac
1172 599 1335 645 terras
1355 590 1682 662 populosque
1707 591 1912 662 regenti

554 665 677 737 quis
696 682 870 720 eomes
887 665 1084 729 utilior,
1115 665 1160 718 si
1177 664 1324 719 clade
1345 673 1396 718 et
1413 672 1555 735 peste
1574 664 1675 719 sub
1694 663 1783 719 illa
1819 691 1826 704 ι

551 739 823 794 saevitiam
845 740 1097 794 damnare
1118 747 1169 793 et
1186 740 1465 794 honestum
1487 738 1619 793 ferre
1639 738 1813 794 liceret

553 813 874 869 eonsilium?
910 813 1013 869 Sed
1030 814 1165 886 quid
1191 813 1469 869 violentius
1490 831 1614 868 aure
1639 813 1871 887 tyranni,

554 906 679 944 cum
696 906 804 962 quo
821 888 888 944 de
906 888 1106 961 pluviis
1126 897 1218 943 aut
1235 890 1469 944 aestibus
1487 897 1579 943 aut
1597 889 1841 943 nimboso

554 982 675 1019 vere
693 964 963 1035 loquuturi
982 963 1150 1019 fatum
1167 964 1426 1036 pendebat
1442 962 1636 1017 amici?

553 1039 647 1093 Ille
665 1040 827 1113 igitur
848 1057 1146 1113 numquam
1164 1039 1356 1094 direxit
1374 1037 1587 1093 brachia
1606 1043 1781 1092 eontra

554 1122 860 1182 torrentem3
905 1133 999 1170 neo
1021 1115 1154 1170 civis
1173 1122 1298 1179 erat,
1323 1114 1418 1185 qui
1440 1113 1604 1167 libera
1623 1119 1798 1183 posset

551 1188 713 1243 verba
736 1191 899 1244 animi
920 1189 1163 1262 proferre,
1192 1197 1245 1244 et
1262 1190 1424 1244 vitam
1445 1187 1747 1259 impendere
1766 1202 1913 1242 vero.

552 1263 640 1318 Sic
657 1264 851 1318 multas
869 1266 1088 1339 hyemoe
1110 1275 1267 1337 atque
1284 1263 1598 1336 octogesima
1615 1263 1751 1317 vidit

553 1337 792 1403 solstitia,
817 1339 901 1393 his
922 1340 1084 1394 armis
1106 1339 1193 1393 illa
1216 1355 1430 1411 quoque
1448 1345 1595 1392 tutus
1614 1338 1668 1391 in
1688 1336 1830 1391 aula.

551 1413 835 1468 Proximus
854 1414 1093 1468 eiusdem
1115 1414 1426 1484 properabat
1443 1412 1642 1467 Acilius
1666 1412 1783 1467 aevi

551 1504 677 1543 cum
697 1487 904 1549 iuvene,
935 1489 1176 1561 indigno,
1190 1501 1350 1559 quem
1369 1504 1513 1542 mors
1527 1496 1632 1542 tam
1645 1503 1801 1542 saeva
1810 1497 2049 1544 maneret

553 1569 604 1617 et
622 1562 830 1616 Domini
849 1561 1042 1635 gladiis
1062 1571 1170 1616 tam
1191 1562 1448 1617 festinata.
1493 1562 1600 1617 Sed
1617 1561 1746 1617 olim

552 1636 796 1711 prodigio
814 1654 909 1709 par
927 1645 1005 1692 est
1025 1638 1079 1694 in
1102 1637 1372 1692 nobilitate
1396 1646 1657 1692 senectus.

553 1712 702 1768 Unde
722 1712 797 1778 fit,
823 1720 884 1768 ut
902 1713 1087 1772 malim
1100 1712 1415 1768 ‘fraterculus
1439 1731 1554 1768 oese
1571 1714 1875 1786 gigantum.

552 1787 753 1843 Profuit
773 1806 897 1862 ergo
917 1787 1051 1843 nihil
1074 1788 1283 1851 misero,
1304 1788 1448 1861 quod
1467 1790 1711 1843 cominus
1728 1805 1884 1843 ursos

445 1873 523 1916 1⁰⁰
552 1862 744 1936 figebat
765 1863 1040 1928 Numidae,
1067 1863 1272 1919 Albana
1292 1864 1471 1919 nudus
1491 1880 1645 1918 arena

553 1945 787 1992 venator.
830 1938 984 2009 *Quis
1003 1939 1145 1993 enim
1168 1940 1274 1993 iam
1296 1956 1400 1993 non
1425 1937 1682 2011 intelligat
1704 1945 1841 1992 artes

552 2010 834 2083 patricias?
871 2014 995 2084 quis
1015 2014 1248 2084 priscum
1271 2013 1405 2068 illud
1426 2014 1645 2068 miretur
1660 2028 1904 2076 acumen,

552 2086 727 2150 Brute,
749 2086 940 2140 tuum?
975 2088 1151 2142 Facile
1168 2096 1248 2142 est
1265 2088 1481 2142 barbato
1500 2089 1769 2159 imponere
1794 2087 1925 2161 regi.

552 2161 661 2216 Nec
680 2160 864 2215 melior
880 2160 1052 2224 vultuz,
1076 2163 1326 2234 quamvis
1346 2162 1616 2236 ignobilis,
1638 2163 1748 2217 ibat

445 2246 524 2290 105
551 2236 805 2300 Rubrius,
827 2235 1051 2290 offensae
1070 2238 1260 2292 veteris
1279 2254 1400 2292 reus
1419 2246 1577 2309 atque
1592 2236 1858 2302 tacendae,

552 2318 604 2365 et
618 2317 792 2366 tamen
814 2311 1104 2382 improbior
1120 2312 1333 2367 satiram
1354 2314 1611 2367 scribente
1628 2311 1866 2367 cinaedo.

552 2386 787 2442 Montani
807 2403 1022 2458 quoque
1040 2394 1222 2442 venter
1238 2387 1400 2452 adest,
1425 2387 1707 2442 abdomine
1724 2379 1930 2450 tardus,

553 2467 605 2516 et
622 2461 881 2518 matutino
898 2461 1098 2516 sudans
1124 2461 1402 2533 Crispinus
1421 2479 1647 2527 amomo,

553 2542 816 2607 quantum
836 2538 929 2591 vix
949 2536 1184 2592 redolent
1196 2537 1304 2592 duo
1322 2536 1533 2605 funera3
1576 2537 1781 2591 saevior
1798 2535 1892 2591 illo

448 2620 527 2663 110
554 2610 836 2680 Pompeius
858 2612 1001 2666 tenui
1027 2611 1241 2686 iugulos
1260 2612 1462 2684 aperire
1479 2627 1727 2679 susurro;

554 2690 623 2746 et,
652 2683 748 2754 qui
766 2683 1072 2740 vulturibus
1089 2687 1332 2741 servabat
1349 2687 1548 2741 viscera
1567 2687 1735 2751 Dacis,

555 2758 779 2822 Fuscus,
805 2774 1096 2815 marmorea
1114 2761 1396 2815 meditatus
1414 2761 1610 2832 proelia
1626 2760 1771 2826 villa,
