2209 3217
484 347 534 389 25

484 719 534 762 30

482 1167 531 1208 35

478 1533 529 1579 40

476 1907 528 1952 45

370 2282 527 2340 ‚50

476 2651 526 2692 55

596 232 689 285 448
1112 213 1533 281 ιυῑνΕΝΑιιε

589 334 655 390 de
674 333 957 407 Corcyraea
975 340 1223 389 temetum
1243 333 1462 390 duxerat
1484 343 1644 389 urna:
1811 392 1818 400 ,

591 406 737 463 solus
754 409 897 463 enim
920 409 1018 464 hoc
1036 410 1242 463 Ithacus
1263 408 1410 464 nullo
1429 408 1531 463 sub
1551 414 1677 462 teste
1694 409 1936 465 canebat.

590 485 697 537 Nos
716 483 953 538 miranda
971 482 1207 554 quidem,
1230 483 1324 537 sed
1345 490 1513 553 nupe'r
1531 482 1757 537 Consule
1776 485 1931 541 Iunio

590 564 734 632 gesta
752 575 911 629 super
928 556 1125 611 calidae
1143 557 1425 611 referemus
1446 558 1647 612 moenia
1668 558 1845 629 Copti3

591 649 688 688 nos
697 632 848 706 vulgi
867 631 1054 695 sceluS,
1076 637 1130 685 et
1145 631 1345 686 cunctis
1361 632 1602 704 graviora
1621 633 1907 688 cothurnis·

590 707 727 763 Nam
754 705 924 762 scelus
944 701 981 760 ‘a
1010 705 1210 779 Pyrrha
1223 743 1238 771 ,
1271 721 1599 834 quamquam
1634 707 1812 763 omnia
1838 718 2086 782 syrmata

1385 794 1453 835 vo
1471 798 1586 846 yae,

594 854 774 910 nullus
794 852 936 926 apud
956 852 1179 927 tragicos
1199 853 1427 931 populus
1445 854 1585 910 facit.
1664 854 1870 928 Accipe,
1896 865 2085 914 nostro

591 930 706 985 dira
724 928 867 1001 quod
885 928 1188 999 exemplum
1208 928 1382 984 feritas
1400 929 1704 1002 produxerit
1723 948 1869 986 aevo.

666 1003 802 1058 Inter
821 1003 1071 1058 finitimos
1088 1010 1240 1060 vetus
1261 1007 1420 1076 atque
1435 1005 1650 1076 antiqua
1668 1005 1931 1071 simultas,
1951 1022 1976 1068 '.

590 1078 882 1133 immortale
897 1079 1089 1141 odium,
1100 1085 1152 1133 et
1174 1095 1449 1151 nunquam
1465 1078 1705 1134 sanabile
1723 1080 1923 1136 vulnus
1991 1117 1996 1122 -

588 1153 732 1208 ardet
748 1152 921 1208 adhuc
939 1154 1128 1225 Coptos
1146 1160 1196 1208 et
1216 1155 1460 1229 Tentyra.
1527 1153 1655 1208 Sum
1662 1171 1782 1209 mus
1801 1156 2094 1229 utrimque·

587 1227 710 1281 inde
727 1225 872 1282 furor
890 1226 1070 1301 vulgo,
1093 1228 1239 1301 quod
1251 1230 1476 1285 numina
1489 1229 1787 1284 vicinorum

587 1301 697 1356 odit
714 1309 938 1374 uterque
955 1302 1119 1369 locuS,
1145 1321 1315 1375 quum
1334 1304 1472 1360 solos
1485 1303 1663 1359 credat
1681 1304 1954 1361 habendos
2045 1355 2050 1362 .

586 1392 699 1429 esse
717 1375 859 1438 deoS,
881 1393 1014 1447 quos
1035 1378 1149 1449 ipse
1165 1378 1304 1433 colit.
1364 1378 1466 1433 Sed
1486 1387 1712 1449 tempore
1729 1377 1860 1435 festo

585 1447 797 1503 alterius
814 1449 995 1520 populi
1018 1452 1265 1520 rapienda
1287 1448 1486 1508 occasio
1504 1449 1707 1516 cunctis

583 1523 698 1578 visa
717 1521 1050 1576 inimicorum
1068 1525 1402 1593 primoribus·
1417 1533 1477 1579 ac
1494 1525 1738 1592 ducibuS,
1763 1544 1830 1583 ne
1915 1573 1928 1583 .

585 1597 777 1652 laetum
805 1596 1138 1669 hilaremque,
1158 1597 1317 1663 diem,
1347 1616 1414 1653 ne
1431 1616 1653 1672 maguae
1668 1596 1865 1673 gaudia
1882 1620 2071 1661 coenae

585 1671 854 1735 sentirent,
880 1672 1064 1744 positis
1087 1672 1155 1728 ad
1173 1672 1366 1746 templa
1385 1681 1437 1729 et
1453 1675 1677 1747 compita
1696 1678 1897 1734 mensis
1955 1685 1960 1690 “

586 1747 932 1821 pervigilique
950 1755 1078 1814 toro,
1096 1766 1267 1821 ‚quem
1292 1749 1408 1805 luce
1425 1766 1488 1807 ac
1505 1757 1649 1820 nocte
1666 1751 1921 1809 iacentem

585 1823 843 1894 septimus
861 1823 1054 1881 interea
1072 1824 1150 1879 sol
1170 1824 1408 1880 invenit.·
1449 1826 1670 1881 Horrida
1690 1843 1817 1882 sane

583 1905 662 1953 est
679 1898 892 1969 Coptos:
935 1897 1028 1953 sed
1048 1898 1284 1964 luxuria,
1300 1907 1560 1971 quantum
1581 1901 1692 1972 ipse
1711 1901 1906 1968 notavi,

584 1972 804 2028 barbara
821 1970 1020 2027 famoso
1038 1990 1145 2028 non
1164 1973 1300 2028 cedit
1325 1974 1477 2045 turba
1496 1975 1721 2046 Canope.
1801 2007 1806 2012 ⁴

584 2046 749 2111 Adde,
773 2045 918 2117 quod
939 2045 1171 2102 etfacilis
1191 2048 1403 2104 victoria
1419 2048 1484 2116 de
1502 2048 1727 2104 madidis
1747 2055 1799 2103 et

584 2121 776 2177 blaesis
794 2128 949 2191 atque
967 2137 1114 2184 mero
1132 2122 1494 2177 titubantibus.
1553 2121 1681 2186 Inde
1697 2122 1936 2180 virorum

583 2195 800 2251 saltatus
822 2194 973 2268 nigro
995 2193 1227 2260 tibicine,
1250 2189 1656 2267 qualiacumque

582 2277 872 2345 unguenta,
896 2276 945 2324 et
963 2266 1132 2335 θοι-εει,
1157 2268 1458 2341 multaeque
1476 2269 1531 2324 in
1551 2269 1719 2326 fronte
1742 2286 1991 2333 coronae:

585 2344 710 2399 hinc
726 2345 965 2400 ieiunum
982 2344 1182 2400 odium.
1238 2343 1341 2400 Sed
1359 2345 1530 2420 iurgia
1547 2346 1719 2419 prima
1741 2363 1930 2406 sonare

584 2419 844 2489 incipiunt
861 2420 1052 2475 animis
1072 2421 1404 2477 ardentibus:
1445 2420 1573 2491 haec
1592 2421 1714 2490 tuba
1734 2422 1898 2480 rixae.

582 2492 781 2547 Dehinc
797 2492 1024 2550 clamore
1041 2497 1156 2567 pari
1176 2496 1519 2563 concurritur,
1529 2545 1534 2552 .
1545 2504 1597 2554 et
1612 2498 1727 2553 vice
1742 2497 1832 2553 teli

583 2568 749 2620 saevit
767 2566 908 2634 nuda
928 2586 1136 2625 manus.
1197 2573 1397 2627 Paucae
1415 2572 1533 2628 sine
1550 2571 1767 2629 vulnere
1785 2573 1969 2632 malae.

584 2638 686 2693 Vix
701 2639 950 2710 cuiquam
972 2651 1063 2698 aut
1080 2644 1218 2712 nulli
1235 2654 1339 2704 toto
1353 2641 1637 2704 certamine
1654 2664 1817 2703 nasus

583 2711 798 2783 integer.
856 2713 1176 2786 Adspiceres*
1190 2721 1298 2778 iam
1322 2728 1425 2778 tota
1449 2740 1541 2794 per
1552 2723 1772 2797 'agmina
1792 2722 1971 2780 vultus
