2209 3217
435 1881 486 1923 10

437 2253 487 2295 15

440 2626 493 2669 2⁰

534 268 625 319 406
1060 269 1476 325 IUVENALIS

945 586 1422 645 SATIRA
1511 587 1595 644 X.

535 729 686 769 ARG-
710 727 888 765 Disserit
912 733 1030 775 poeta
1056 727 1105 764 de
1129 726 1246 764 vani·
1270 725 1477 765 hominum
1495 726 1615 772 votis,
1635 733 1682 765 ut
1700 727 1769 779 qui
1786 729 2038 783 plerumque

628 791 825 837 nesciant,
845 790 945 842 quid
961 802 1055 827 vere
1072 791 1292 839 optandum
1308 790 1378 828 nit.
1425 791 1641 839 Perper-m
1655 789 1764 829 enim
1781 792 1885 830 alios
1899 801 2036 845 ‘expe-

625 863 713 895 tero
738 853 918 894 divitias,
945 851 1046 889 ulios
1072 850 1261 899 honores,
1289 854 1574 904 eloquentiam,
1594 855 1754 903 longam
1769 855 1917 901 vitam,
1937 859 2036 907 pul..

631 916 874 957 critudinem
900 915 1102 965 corpor-in
1143 929 1269 968 eaque
1293 918 1428 956 omnin
1446 931 1518 956 suo
1535 930 1654 967 saepe
1673 919 1833 957 damno.
1884 920 2036 972 Itaque

630 983 711 1021 diis
735 980 1048 1030 relinquendum
1073 993 1176 1027 eoae,
1200 982 1301 1031 quid
1325 981 1441 1020 nobi·
1465 995 1561 1020 vere
1587 980 1802 1026 conducat,
1829 988 2037 1029 statuet-03

630 1053 822 1091 ceterum,
850 1043 885 1082 οἱ
913 1043 1028 1094 quid,
1053 1044 1247 1084 orandum
1273 1058 1373 1091 cue,
1403 1051 1451 1083 ut
1476 1045 1530 1083 sit
1552 1057 1665 1083 mens
1684 1057 1780 1082 sana
1798 1043 1844 1083 in
1864 1057 2037 1097 corporo

630 1123 743 1147 aaaaa

611 1182 892 1249 Omnibus
910 1191 968 1247 in
986 1191 1156 1257 terris,
1178 1207 1316 1264 quae
1333 1197 1461 1246 sunt
1479 1207 1510 1245 a
1527 1188 1767 1246 Gadibus
1792 1208 1973 1265 usque

537 1268 796 1323 Auroram
821 1274 872 1322 et
889 1266 1148 1341 Gangem,
1172 1265 1328 1339 pauci
1344 1265 1651 1339 dignoscere
1667 1275 1896 1338 possunt

537 1359 662 1398 vera
678 1341 817 1397 bona
836 1348 994 1413 atque
1010 1341 1120 1396 illis
1139 1341 1369 1397 multum
1388 1340 1613 1406 diversa,
1635 1339 1829 1396 remota

538 1416 728 1473 erroris
746 1414 959 1470 nebula.
1018 1414 1161 1482 Quid
1176 1433 1240 1470 en
1247 1416 1320 1470 im
1340 1416 1538 1470 ratione
1555 1416 1805 1472 timemus

537 1497 629 1546 aut
654 1487 936 1561 cupimus?
971 1488 1104 1560 quid
1131 1496 1239 1544 tam
1265 1489 1448 1545 dextro
1473 1490 1607 1561 pede
1623 1492 1874 1564 concipis,
1899 1500 1961 1548 ut
1983 1501 2035 1549 te

538 1572 755 1621 conatus
779 1580 886 1619 non
906 1563 1165 1635 poeniteat
1181 1563 1397 1634 votique
1420 1563 1649 1634 peracti?

538 1641 784 1697 Evertere
801 1638 985 1695 domos
1013 1645 1146 1695 totas
1164 1638 1467 1710 optantibus
1488 1638 1621 1710 ipsis

538 1717 596 1773 dt
613 1715 811 1772 faciles.
870 1714 1117 1771 Nocitura
1139 1721 1276 1789 toga,
1301 1713 1536 1784 nocitura
1554 1723 1805 1786 petuntur

540 1792 749 1848 militia.
807 1792 1030 1847 Torrens
1046 1790 1256 1847 dicendi
1277 1790 1424 1863 eopia
1443 1790 1628 1845 multis

540 1876 592 1923 et
610 1886 708 1924 sua
726 1866 988 1922 mortifera
1007 1874 1086 1922 ost
1104 1865 1368 1922 facundia.
1426 1866 1643 1923 Viribus
1663 1864 1751 1920 ille

542 1942 773 1998 confisus
798 1942 954 2012 periit
970 1941 1402 2014 admirandisque
1420 1939 1644 1996 lacertis.

540 2016 646 2071 Sed
667 2013 844 2085 plures
868 2015 1031 2069 nimia
1053 2022 1299 2087 congesta
1317 2015 1537 2086 pecunia
1556 2018 1681 2068 cura

542 2086 849 2161 strangulat,
873 2094 923 2141 et
939 2096 1126 2143 cuncta
1143 2095 1467 2159 exsuperans
1484 2085 1796 2158 patrimonia
1813 2084 2034 2159 census,

543 2169 741 2236 quanto
762 2160 1032 2232 delphinis
1049 2160 1267 2216 balaena
1286 2161 1582 2215 Britannica
1602 2159 1784 2215 maior.

542 2236 889 2310 Temporibus
907 2233 1037 2290 diris
1056 2235 1222 2310 igitur
1240 2235 1499 2307 iussuque
1517 2235 1739 2290 Neronis

543 2314 845 2388 Longinum
862 2318 913 2367 et
929 2328 1152 2386 magnos
1170 2309 1394 2367 Seneoee
1411 2310 1716 2383 praedivitis
1734 2311 1914 2369 hortos

544 2389 734 2445 clausit
748 2396 801 2445 et
816 2388 1052 2463 egregias
1070 2388 1446 2443 Lateranorum
1464 2386 1671 2443 obsidet
1688 2386 1841 2443 aedes

543 2472 648 2521 tota
668 2464 880 2521 eohors:
918 2481 1069 2519 rarus
1086 2464 1235 2519 venit
1251 2463 1308 2519 in
1326 2463 1604 2520 coenacula
1621 2461 1795 2519 miles.

547 2542 716 2596 Pauca
736 2539 855 2595 lieet
874 2547 1046 2613 portes
1065 2540 1269 2614 argenti
1289 2538 1502 2596 vaseula
1525 2539 1665 2611 puri,

547 2621 697 2670 nocte
714 2615 812 2670 iter
829 2616 885 2670 in
1038 2633 1102 2671 us
1121 2614 1360 2691 gladium
1378 2623 1699 2688 contumque
1721 2612 1954 2680 timebis¹

548 2697 600 2744 et
621 2695 789 2742 motae
806 2689 873 2744 ad
914 2709 1076 2747 unam
1094 2690 1381 2764 trepidabis
1399 2689 1674 2746 arundinis
1693 2687 1940 2745 umbram
1957 2708 1974 2760 ;

547 2761 777 2819 cantabit
800 2781 1000 2821 vacuus
1015 2784 1191 2822 eoram
1213 2767 1412 2822 latrone
1427 2767 1615 2823 viator.
