2209 3217
519 265 616 317 108
1046 267 1467 316 IUVENALIS

591 367 860 435 Quosdam
885 368 1187 440 praecipitat
1210 368 1442 423 subiecta
1462 367 1690 439 potentia
1709 385 1948 443 magnae

516 443 777 513 invidiae3
820 444 1009 517 mergit
1027 442 1185 516 longa
1207 450 1364 514 atque
1379 442 1608 516 insignis
1626 442 1898 499 honorum

517 519 737 592 pagina3
779 517 1104 574 descendunt
1121 524 1321 571 statuae
1339 525 1637 588 restemque
1654 528 1984 589 sequuntur.

517 595 663 665 Ipsas
680 592 870 647 deinde
887 601 1025 647 rotas
1041 591 1286 720 bigarum
1306 591 1531 662 impacta
1549 592 1747 647 securis

412 679 462 723 60
517 667 702 733 caedit,
724 674 776 722 et
794 667 1073 722 immeritis
1117 674 1412 739 ranguntur
1430 684 1582 720 crura
1605 666 1844 724 caballi&

517 744 630 798 Iam
649 741 878 797 stridunt
903 742 1069 815 ignee,
1094 741 1201 795 iam
1218 740 1435 795 follibus
1454 749 1613 813 atque
1628 743 1854 798 caminis

521 818 664 873 ardet
685 816 954 871 adoratum
975 816 1174 888 populo
1189 823 1364 887 caput,
1386 824 1437 871 et
1453 826 1627 888 crepat
1649 817 1839 892 ingens

520 892 767 948 Seianus:
809 891 998 946 demde
1014 909 1083 949 ex
1100 890 1231 946 facie
1248 898 1353 947 toto
1371 891 1496 946 orbe
1520 892 1748 947 secunda

521 968 657 1022 fiunt
674 966 886 1030 urceoli,
912 965 1110 1038 pelves,
1135 974 1358 1040 sartagO,
1383 966 1617 1037 patellae.

413 1053 466 1097 65
520 1045 660 1098 Pone
675 1042 820 1097 domi
840 1040 1033 1107 lauros,
1055 1041 1161 1096 duc
1180 1042 1233 1096 in
1256 1040 1509 1113 Capitolia
1529 1057 1788 1114 magnum

520 1124 879 1190 cretatumque
901 1117 1123 1173 hovem:
1164 1115 1385 1171 Seianus
1401 1115 1613 1171 ducitur
1629 1133 1765 1171 unco

520 1191 864 1264 spectandus:
904 1191 1137 1267 gaudent
1160 1208 1365 1246 cmneS.
1429 1192 1574 1258 Quae
1592 1194 1761 1256 labra,
1795 1199 1918 1262 quis
1936 1197 2021 1249 ini

518 1270 693 1322 vultus
709 1268 851 1322 erat!
882 1269 887 1274 ’
904 1268 1215 1336 Numquam,
1236 1272 1285 1321 si
1303 1271 1428 1337 quid
1444 1269 1572 1321 mihi
1591 1270 1775 1331 credis,
1799 1274 1983 1324 amavi

520 1345 654 1396 hunc
672 1345 939 1396 hominem.
994 1342 1097 1398 Sed
1122 1359 1225 1411 quo
1243 1346 1427 1397 cecidit
1442 1345 1537 1396 sub
1555 1340 1809 1397 crimino?
1857 1343 2020 1409 Quis-

1216 1434 1341 1471 nam

413 1500 465 1543 7⁰
519 1487 760 1544 delator?
801 1490 998 1554 Quibus
1015 1489 1266 1544 indiciis?
1303 1508 1403 1560 quo
1424 1491 1841 1558 testeprobavit‘?

521 1562 645 1617 »Nil
665 1563 884 1618 horum:
925 1563 1146 1618 verbosa
1164 1571 1216 1619 et
1231 1564 1450 1638 grandis
1470 1565 1684 1636 epistola
1712 1567 1857 1621 venit

524 1655 555 1692 a
567 1637 795 1711 Capreis.
807 1660 834 1693 α
868 1640 1004 1694 Bene
1020 1642 1199 1710 haben
1218 1642 1297 1694 m‘l
1306 1642 1432 1709 plus
1448 1645 1727 1710 intem-090.
1761 1640 1865 1696 Sed
1882 1643 2019 1715 quid

521 1714 675 1769 turba
694 1713 881 1770 Remi?
913 1713 1164 1787 Sequitur
1179 1715 1487 1780 Fortunam,
1510 1722 1571 1770 ut
1588 1733 1813 1788 semper,
1836 1724 1890 1774 et
1904 1718 2020 1775 odit

520 1789 814 1846 damnatos,
871 1789 1015 1845 Idem
1037 1790 1286 1864 populuS,
1310 1791 1357 1845 si
1376 1792 1567 1846 Nursia
1587 1792 1758 1848 Tusco

414 1876 466 1918 75
518 1863 749 1931 favisset,
774 1867 819 1921 si
838 1882 1086 1937 oppressa
1103 1867 1234 1922 foret
1250 1883 1433 1922 secura
1451 1875 1691 1922 senectus

522 1939 795 2011 principis,
818 1941 918 1995 hac
934 1941 1049 2010 ipsa
1065 1940 1313 1996 Seianum
1334 1941 1524 1996 diceret
1540 1941 1667 1995 hora

521 2013 844 2084 Augustum.
901 2014 1010 2068 Iam
1029 2015 1255 2086 pridem,
1278 2033 1345 2071 ex
1363 2032 1471 2086 quc
1495 2014 1744 2086 suffragia
1765 2016 1903 2071 nulli

522 2085 822 2150 vendimus,
846 2086 1029 2160 effugit
1045 2105 1216 2143 curas.
1279 2091 1413 2143 Nam
1432 2089 1528 2160 qui
1547 2088 1705 2142 dabat
1719 2086 1850 2144 olim

523 2159 825 2232 imperium,
848 2159 1029 2225 fasces,
1059 2161 1308 2235 legiones,
1331 2163 1526 2227 omnia,
1552 2179 1695 2217 nunc
1712 2180 1769 2218 se
1823 2226 1828 2230 ,

415 2246 467 2290 8⁰
521 2236 765 2303 continet,
788 2244 944 2308 atque
961 2235 1095 2291 duas
1115 2244 1319 2291 tantum
1339 2254 1421 2296 res
1442 2237 1634 2292 anxius
1652 2247 1813 2310 optat,

520 2328 712 2385 panem
730 2319 782 2368 et
800 2312 1088 2368 Circenses.
1148 2312 1446 2368 »Perituros
1462 2312 1621 2368 audio
1639 2313 1895 2370 multos«

522 2387 617 2443 Nil
634 2391 873 2458 dubium‚·
910 2405 1101 2458 magma
1128 2396 1205 2443 est
1220 2393 1518 2458 fornacula.
1578 2389 1910 2447 »Pallidulus
1936 2398 2011 2449 mi

521 2461 792 2518 Brutidius
809 2481 959 2519 meus
979 2462 1047 2518 ad
1065 2463 1248 2519 Martis
1271 2462 1374 2519 fuit
1391 2465 1583 2520 obvius
1602 2483 1766 2520 aram.

525 2536 694 2604 Quam
713 2538 888 2605 timeo,
914 2539 1083 2594 victus
1105 2556 1172 2595 ne
1194 2556 1390 2612 poenas
1408 2541 1585 2614 exigat
1603 2540 1757 2606 Aiax,

414 2621 467 2666 85
521 2619 582 2666 ut
600 2611 736 2668 male
750 2613 1024 2670 defensusl
1084 2615 1376 2672 Curramus
1400 2617 1725 2689 praecipites,
1751 2623 1817 2679 et,

522 2683 653 2740 dum
672 2685 802 2742 iacet
821 2689 877 2743 in
897 2690 1029 2761 ripa,
1052 2690 1315 2747 calcemus
1334 2692 1570 2749 Caesaris
1589 2693 1808 2747 hostem.

522 2759 625 2816 Sed
645 2759 856 2817 videant
882 2765 1040 2830 servi,
1064 2782 1133 2821 ne
1149 2767 1274 2838 quis
1293 2775 1462 2841 neget,
1497 2775 1548 2822 et
1565 2766 1818 2838 pavidum
1843 2767 1899 2822 in
1925 2769 2008 2824 ius
