2209 3217
698 342 988 391 SATIRA
1024 345 1167 392 XIV.
1329 379 1334 382 -
1576 343 1675 397 437

167 440 456 516 plagarum
481 441 722 512 strepitu,
746 450 800 497 et
816 442 1021 499 nullam
1045 444 1231 501 Sirena
1250 443 1470 519 flagellis

167 523 464 589 comparat,
496 516 807 587 Antiphates
838 519 1028 590 trepidi
1065 518 1192 573 laris
1215 535 1275 573 ac
1294 521 1669 595 Polyphemus,
1731 535 1783 578 20

166 599 290 648 tum
317 590 465 655 felix,
489 592 696 662 quoties
716 591 911 664 aliquis
930 600 1121 649 tortore
1138 600 1323 650 vocato
1355 631 1364 642 -

171 667 352 728 uritur
370 664 574 720 ardenti
594 666 702 721 duo
716 676 929 739 propter
946 668 1108 724 lintea
1126 668 1301 724 ferro?

169 740 319 808 Quid
337 740 524 796 suadet
544 740 726 796 iuveni
745 740 913 798 laetus
932 744 1155 799 stridore
1171 751 1400 809 catenae,

170 833 341 888 quem
360 814 496 870 mire
517 814 755 872 afficiunt
774 818 934 872 inseri
937 825 1027 890 pta
1042 819 1326 893 ergastula,
1352 832 1529 874 carcer

171 888 447 945 rusticus?
479 890 782 962 Exspectes,
805 900 868 947 ut
891 910 998 948 non
1014 896 1084 947 sit
1102 894 1337 949 adultera
1356 895 1558 968 Largae
1732 907 1783 950 25

173 964 309 1031 filia,
333 981 472 1036 quae
489 982 788 1037 numquam
809 975 1073 1023 maternos
1090 969 1263 1024 dicere
1280 970 1527 1029 moechos

169 1048 283 1095 tam
302 1040 407 1094 cito
426 1056 522 1094 nec
538 1047 682 1095 tanto
698 1042 886 1112 poterit
904 1050 1178 1098 contexere
1195 1060 1376 1109 cursu,

169 1122 362 1171 utnon
381 1121 460 1168 ter
478 1114 649 1170 decies
669 1116 927 1187 respiret?
964 1118 1185 1174 Conscia
1206 1118 1362 1173 matri
1394 1149 1403 1158 ·

171 1190 328 1263 virgo
346 1187 478 1243 fuit:
516 1206 662 1245 ceras
680 1208 827 1246 nunc
844 1192 944 1258 hac
963 1192 1191 1247 dictante
1208 1191 1431 1263 pusillas

170 1263 380 1336 implet,
404 1270 456 1318 et
473 1263 541 1319 ad
559 1265 806 1320 moechos
825 1266 915 1320 dat
931 1263 1131 1321 eisdem
1150 1266 1287 1321 ferre
1303 1267 1551 1323 cinaedis.
1732 1280 1782 1323 3⁰

171 1339 263 1396 sio
282 1345 473 1394 natura
490 1339 665 1395 iubet:
707 1339 940 1395 velocius
958 1348 1011 1395 et
1033 1341 1191 1396 citius
1212 1358 1309 1415 nos
1427 1351 1428 1356 ’

171 1420 525 1485 corrumpunt
541 1415 793 1469 vitiorum
812 1414 1053 1487 exempla
1073 1415 1373 1483 domestica,
1401 1417 1611 1492 magnis

210 1505 346 1544 uum
365 1489 600 1543 subeunt
618 1489 825 1544 animos
843 1490 1166 1547 auctoribus.
1228 1492 1374 1548 Unus
1396 1500 1447 1548 et
1471 1494 1599 1549 alter

192 1564 393 1619 orsitan
408 1563 540 1619 haec
554 1572 807 1636 spernant
825 1565 1064 1632 iuvenes,
1089 1565 1291 1640 quibus
1315 1577 1424 1624 arte
1440 1569 1671 1644 benigna

170 1646 224 1693 et
242 1637 459 1693 meliore
478 1637 590 1694 luto
607 1639 761 1695 finxit
780 1642 1087 1712 praecordia
1103 1644 1287 1699 Titan:
1730 1653 1781 1696 35

169 1713 268 1768 sed
287 1711 522 1781 reliquos
542 1712 793 1785 fugienda
810 1723 1023 1783 patrum
1040 1717 1265 1787 vestigia
1285 1715 1506 1780 ducunt,

166 1796 222 1843 et
247 1790 538 1840 monstrata
557 1785 652 1838 diu
670 1788 863 1838 veteris
887 1788 1047 1840 trahit
1063 1788 1233 1840 orbita
1251 1788 1335 1840 cul
1340 1801 1458 1857 pae.

168 1858 458 1918 Abstineas
477 1857 640 1929 igitur
657 1857 1004 1913 damnandis:
1045 1858 1212 1913 huius
1229 1861 1372 1914 enim
1383 1860 1478 1915 ‘vel

173 1953 285 1992 una
305 1939 492 2005 potens
512 1930 645 1987 ratio
662 1938 759 1997 est,
782 1949 850 1987 ne
866 1930 1092 1988 crimina
1111 1941 1288 1988 nostra
1306 1941 1597 2005 sequantur

172 2027 242 2066 ex
258 2007 416 2065 nobis
434 2007 599 2081 geniti
614 2026 628 2076 3
672 2006 926 2079 quoniam
944 2006 1138 2062 dociles
1154 2008 1428 2064 imitandis
1729 2021 1781 2067 4ο

170 2084 424 2156 turpibus
443 2099 504 2137 ac
522 2082 702 2154 pravis
721 2098 906 2138 omnes
925 2100 1117 2137 sumus
1134 2101 1147 2151 3
1190 2091 1241 2138 et
1259 2083 1540 2140 Catilinam

175 2174 518 2232 quocumque
539 2158 597 2212 in
615 2157 817 2230 populo
839 2157 1040 2224 videas,
1060 2173 1406 2234 quocumque
1425 2160 1531 2214 sub
1550 2177 1674 2216 axe:

177 2234 268 2289 sed
286 2250 384 2289 nec
399 2234 594 2288 Brutus
614 2234 729 2299 erit,
751 2234 898 2289 Bruti
920 2250 1017 2289 nec
1037 2233 1339 2290 avunculus
1358 2251 1612 2306 usquam.

176 2308 261 2364 Nil
280 2308 425 2363 dictu
444 2307 656 2364 foedum
679 2309 908 2383 visuque
924 2309 1056 2365 haec
1072 2308 1260 2365 limina
1279 2317 1476 2383 tangat,

177 2384 312 2438 intra
332 2399 468 2455 quae
485 2399 619 2455 puer
636 2390 730 2438 est.
769 2384 956 2439 Procul
976 2384 1120 2448 hinc,
1134 2382 1316 2455 procul
1335 2384 1459 2439 inde
1467 2383 1672 2456 puellae
1728 2394 1779 2441 45

179 2457 446 2522 lenonum,
468 2464 519 2511 et
536 2464 723 2511 cantus
739 2458 1092 2528 pernoctantis
1111 2457 1349 2529 parasiti.

178 2532 407 2590 Maxima
425 2531 646 2587 debetur
662 2549 826 2603 puero
845 2533 1152 2589 reverentia.
1209 2532 1267 2587 Si
1286 2532 1419 2604 quid

178 2617 328 2680 turpe
344 2623 518 2680 paras,
544 2623 611 2661 ne
634 2613 694 2661 tu
716 2606 869 2677 pueri
892 2606 1232 2662 contemseris
1251 2624 1447 2663 annos:

178 2683 270 2739 sed
290 2688 564 2755 peccaturo
579 2681 800 2736 obsistat
819 2681 914 2736 tibi
941 2681 1085 2736 filius
1105 2680 1301 2737 infans.

179 2759 311 2813 Nam
332 2757 379 2811 si
401 2755 536 2828 quid
552 2755 781 2829 dignum
800 2755 1046 2812 Censoris
1064 2754 1241 2811 fecerit
1260 2757 1337 2813 ira
1727 2767 1778 2809 50

179 2831 514 2907 quandoque,
539 2837 590 2888 et
607 2830 840 2888 similem
863 2831 962 2888 tibi
981 2848 1040 2888 se
1056 2848 1163 2889 non
1180 2849 1394 2906 corpore
1412 2840 1620 2888 tantum
