2209 3217
724 289 1011 338 SATIRA
1051 292 1141 335 lx.
1570 289 1665 341 405

176 390 454 464 praecipue
472 389 667 455 causis,
689 396 750 444 ut
766 389 977 464 linguas
995 390 1374 461 mancipiorum

177 474 509 521 contemnas:
555 482 678 519 nam
697 463 878 538 lingua
897 464 1022 519 mali
1039 481 1164 536 pars
1183 465 1412 520 maxima
1433 470 1588 525 servi.
1693 479 1773 524 120

175 541 407 595 Deterior
422 547 595 594 tamen
618 539 722 605 hic,
744 540 839 611 qui
860 539 992 594 liber
1011 556 1116 593 non
1136 540 1233 594 erit
1250 538 1374 604 illis,

174 632 409 686 quorum
433 614 636 669 animas
654 620 706 668 et
724 613 858 669 farre
875 631 973 668 suo
991 613 1218 669 custodit
1235 621 1284 668 et
1301 631 1435 669 aere.

176 691 345 745 ΝΛΜ.
387 688 583 743 Idcirco
601 697 661 743 ut
676 689 879 761 possim
905 688 1145 763 linguam
1165 697 1494 744 contemnere
1512 692 1667 757 servi,

177 763 307 819 utile
325 763 609 818 consilium
632 763 805 828 modo,
830 763 924 818 sed
944 780 1243 829 commune,
1267 763 1487 819 dedisti:

175 855 322 893 nunc
337 837 612 910 mihiquid
624 838 815 893 suades
828 845 949 909 post
958 837 1215 893 damnum
1229 840 1479 911 temporis
1493 847 1544 895 et
1555 857 1674 913 spes
1693 853 1770 896 125

173 911 455 983 deceptas?
487 913 719 968 Festinat
737 912 881 968 enim
899 912 1171 968 decurrere
1187 914 1342 970 velox

174 986 448 1053 flosculus,
476 995 730 1061 angustae
748 988 1077 1059 miseraeque
1089 987 1404 1044 brevissima
1422 989 1561 1044 vitae

172 1063 372 1134 portio:
394 1061 523 1118 dum
543 1062 799 1128 bibimus,
819 1062 951 1117 dum
970 1070 1124 1127 serta,
1147 1071 1437 1137 unguenta,
1459 1063 1661 1136 puellas

171 1138 462 1209 poscimus,
491 1138 693 1208 obrepit
710 1154 815 1193 non
833 1137 1089 1192 intellecta
1111 1146 1369 1193 senectus.

173 1214 282 1268 Iuv.
336 1213 416 1267 Ne
451 1211 677 1284 trepida:
741 1229 1034 1285 numquam
1073 1213 1322 1297 'pathicus
1360 1213 1456 1269 tibi
1499 1214 1662 1270 deerit

979 1304 1183 1342 amicus
1690 1300 1769 1343 13⁰

172 1360 439 1416 stantibus
457 1368 508 1415 et
526 1359 688 1416 salvis
706 1360 793 1416 his
815 1359 1066 1430 collibus3
1108 1361 1349 1435 undique
1371 1363 1438 1420 ad
1462 1362 1581 1421 illos

172 1435 496 1494 conveniunt
516 1443 568 1491 et
584 1436 842 1508 carpentis
858 1442 908 1491 et
927 1437 1155 1493 navibus
1171 1455 1373 1506 omnes,

172 1512 268 1583 qui
296 1510 462 1583 digito
479 1510 721 1584 scalpunt
742 1529 850 1568 uno
867 1520 1037 1585 caput.
1092 1513 1266 1571 Altera
1286 1516 1452 1572 maior

172 1604 297 1657 spes
315 1594 579 1657 superest:
621 1594 681 1642 tu
701 1596 904 1644 tantum
923 1589 1093 1644 erucis
1114 1589 1360 1664 imprime
1376 1591 1607 1646 dentem.

171 1662 336 1716 ΝΛΜ.
378 1661 513 1715 Haec
529 1662 766 1733 exempla
783 1680 910 1735 para
926 1663 1197 1719 felicibus:
1238 1673 1292 1720 at
1307 1682 1424 1720 mea
1442 1666 1628 1721 Clotho
1689 1675 1767 1718 135

171 1744 221 1790 et
240 1735 491 1790 Lachesis
507 1735 754 1807 gaudent,
777 1738 823 1790 si
842 1739 1072 1806 pascitur
1094 1739 1317 1809 inguine
1336 1745 1535 1793 venter.

172 1810 216 1866 Ο
231 1809 392 1883 parvi
411 1808 681 1879 nostrique
698 1810 873 1872 Lares,
895 1826 1030 1880 quos
1047 1810 1205 1864 thure
1221 1810 1427 1865 minuto

173 1893 260 1941 aut
280 1884 424 1939 farre
441 1888 492 1935 et
509 1881 656 1935 tenui
673 1881 813 1936 soleo
829 1898 1081 1937 exornare
1096 1898 1303 1947 corona,

171 1956 394 2033 quando
410 1972 510 2030 ego
530 1954 687 2028 figam
707 1955 926 2028 aliquid,
939 1973 1048 2028 quo
1064 1957 1140 2011 sit
1153 1958 1286 2013 mihi
1303 1965 1414 2015 tuta
1427 1967 1665 2014 senectus

171 2054 199 2090 a
218 2040 391 2108 tegete
408 2038 460 2087 et
476 2029 700 2086 baculo‘?
734 2031 926 2106 viginti
942 2031 1112 2087 millia
1128 2031 1282 2088 fenus
1690 2041 1767 2088 140

170 2108 487 2183 pigneribus
503 2106 708 2179 positis,
731 2107 932 2182 argenti
952 2107 1167 2163 vascula
1180 2110 1321 2181 puri,

172 2185 271 2240 sed
294 2200 432 2256 quae
449 2182 721 2239 Fabricius
738 2199 922 2239 censor
945 2189 1101 2248 nota,
1126 2191 1177 2239 et
1192 2184 1300 2240 duo
1315 2183 1471 2241 fortes

174 2259 241 2314 de
257 2275 418 2332 grege
438 2259 755 2324 Moesorum,
778 2258 875 2332 qui
893 2275 979 2313 me
996 2259 1196 2315 cervice
1216 2258 1378 2315 locata

173 2350 421 2389 securum
440 2332 655 2388 iubeant
671 2332 899 2390 clamoso
917 2333 1158 2390 insistere
1175 2336 1340 2392 Circo.

175 2409 254 2464 Sit
282 2408 416 2463 mihi
432 2415 690 2480 praeterea
710 2426 907 2464 curvus
923 2408 1160 2475 caelator,
1182 2418 1233 2465 et
1250 2409 1396 2475 alter,
1690 2417 1766 2465 ¹45

175 2483 271 2557 qui
294 2482 490 2539 multas
506 2482 663 2538 facies
683 2485 864 2557 pingat
879 2484 998 2540 cito.
1058 2484 1332 2541 Sufficient
1347 2484 1492 2548 haec,

174 2558 392 2631 quando
407 2575 504 2633 ego
527 2575 728 2631 pauper
745 2575 851 2615 ero.
878 2560 1073 2616 Votum
1092 2559 1408 2625 miserabile,
1432 2575 1529 2615 nec
1545 2576 1666 2633 spes

175 2635 261 2690 his
281 2632 495 2688 saltem:
536 2651 680 2699 nam,
701 2651 872 2706 quum
890 2652 988 2706 pro
1007 2651 1092 2691 me
1107 2636 1337 2691 Fortuna
1361 2642 1587 2710 rogatur,

176 2708 342 2784 affigit
359 2725 507 2764 ceras
528 2707 615 2764 illa
636 2708 702 2765 de
726 2727 857 2765 nave
876 2710 1079 2784 petitas,

174 2802 311 2858 quae
329 2782 533 2840 Siculos
552 2790 735 2842 cantus
758 2784 940 2862 effugit
958 2786 1157 2862 remige
1174 2785 1353 2842 surdo.
1689 2792 1765 2833 ¹5⁰

1959 3180 2124 3183 t
2019 3095 2135 3125 ι
