2209 3217
724 241 1013 286 sA'rmA
1049 242 1142 287 v1.
1599 221 1666 294 1⁰35

179 337 331 393 nulla
354 338 533 393 iacens
553 338 667 393 illic
682 337 1024 402 munuscula,
1045 356 1141 392 nec
1159 342 1410 409 queritur,
1433 342 1582 414 quod

178 420 231 466 et
251 412 400 467 lateri
420 430 625 484 parcas,
649 430 763 477 nec,
794 419 1056 483 quantum
1077 413 1250 477 iussit,
1273 415 1501 471 anheles.

179 485 285 541 Sed
304 486 475 558 placet
489 487 704 542 Ursidio
717 486 803 541 lex
821 485 984 541 Iulia:
1026 485 1207 542 tollere
1222 486 1432 542 dulcem

178 561 374 633 cogitat
395 561 662 625 heredem,
691 562 952 615 cariturus
970 567 1175 616 turture
1191 578 1278 615 ma
1355 578 1407 626 o,

180 633 586 706 mullorumque
604 633 765 699 inhia,
787 643 838 689 et
853 643 1113 707 captatore
1130 653 1186 690 m
1299 634 1366 690 lo.
1645 669 1652 675 ·
1733 644 1787 691 40

180 707 326 774 Quid
346 709 461 762 fieri
489 726 595 764 non
614 726 770 780 posse
785 717 955 781 putes,
978 711 1027 764 si
1043 710 1287 783 iungitur
1305 709 1414 765 ulla

184 781 432 837 Ursidio‘?
469 784 514 837 si
534 784 869 839 moechorum
890 785 1200 839 notissimus
1218 785 1350 840 olim

181 856 347 911 stulta
365 857 593 911 maritali
612 859 719 913 iam
743 858 964 931 porrigit
980 875 1072 912 ora
1088 860 1333 930 capistr0,

181 948 350 1002 quem
367 931 521 985 toties
540 933 672 987 texit
689 932 909 1002 perituri
926 933 1056 987 cista
1073 933 1284 989 Latini?

182 999 366 1072 Quid?
401 1005 547 1077 quod
564 1014 617 1061 et
632 1007 868 1078 antiquis
891 1024 1029 1063 uxor
1045 1007 1113 1061 de
1128 1007 1368 1063 moribus
1387 1007 1468 1062 illi
1735 1015 1787 1064 45

182 1079 498 1151 quaeritur?
573 1079 620 1137 Ο
631 1122 646 1147 ,
689 1080 908 1147 medici,
964 1081 1198 1210 mediaxm
1253 1081 1553 1154 pertundite
1588 1098 1681 1137 ve-

994 1172 1119 1210 nam

183 1226 410 1283 Delicias
428 1227 690 1283 hominis!
732 1229 1015 1302 Tarpeium
1035 1229 1199 1285 limen
1218 1229 1377 1286 adora

181 1318 410 1373 pronus,
432 1309 483 1356 et
501 1310 736 1358 auratam
762 1304 954 1359 Iunoni
972 1303 1131 1360 caede
1149 1303 1446 1371 iuvencam,
1511 1331 1520 1342 =

183 1376 230 1432 si
248 1376 352 1430 tibi
371 1377 643 1450 contigerit
664 1379 849 1450 capitis
867 1385 1106 1435 matrona
1126 1380 1325 1452 pudici.

184 1451 391 1506 Paucae
408 1451 536 1507 adeo
554 1452 758 1510 Cereris
773 1454 928 1510 vittas
947 1454 1249 1529 contingere
1264 1454 1476 1530 dignae,
1737 1467 1789 1508 5⁰

183 1542 419 1598 quarum
443 1543 548 1582 non
570 1528 750 1583 timeat
763 1536 910 1600 pater
926 1529 1122 1586 oscula.
1182 1531 1339 1586 Necte
1355 1547 1600 1587 coronam

181 1600 446 1672 postibus,
469 1607 519 1655 et
535 1602 726 1658 densos
745 1620 836 1674 per
856 1603 1042 1659 limina
1063 1604 1219 1659 tende
1240 1605 1542 1678 corymbos.

184 1674 339 1730 Unus
356 1675 595 1731 Iberinae
614 1678 697 1731 vir
711 1676 942 1732 sufficit?
977 1677 1141 1733 Ocius
1159 1678 1297 1732 illud
1458 1683 1464 1688 '

182 1750 545 1821 extorquebis,
568 1757 629 1803 ut
644 1750 776 1805 haec
795 1750 949 1804 oculo
965 1756 1208 1804 contenta
1226 1751 1297 1803 sit
1314 1765 1443 1804 uuo.

254 1824 456 1895 Magna
471 1829 650 1877 tamen
672 1822 812 1890 fama
831 1830 911 1877 est
926 1822 1208 1877 cuiusdam
1227 1838 1349 1876 rure
1366 1830 1582 1893 paterno
1743 1833 1792 1876 55

181 1896 442 1954 viventis.
500 1895 657 1951 Vivat
673 1894 878 1961 Gabiis,
902 1901 963 1949 ut
982 1894 1118 1949 vixit
1135 1895 1191 1950 in
1211 1912 1355 1969 agro,

179 1972 332 2027 vivat
350 1968 599 2025 Fidenisl
639 1969 708 2024 Et
724 1968 909 2043 agello,
930 1969 1076 2035 cedo,
1099 1977 1342 2041 paterno:

182 2047 312 2119 quis
330 2052 511 2100 tamen
539 2043 784 2110 affirmat,
817 2044 894 2101 nil
914 2051 1090 2100 actum
1119 2045 1176 2101 in
1197 2045 1487 2113 montibus,
1513 2046 1681 2103 autin

182 2117 497 2193 speluncis?
530 2118 676 2176 Adeo
693 2126 984 2176 senuerunt
999 2120 1197 2194 Iupiter
1213 2128 1267 2178 et
1281 2121 1460 2179 Mars?
1558 2135 1564 2142 '

260 2193 627 2250 Porticibusne
645 2195 742 2254 tibi
761 2203 1084 2252 monstratur
1102 2196 1300 2254 femina
1318 2204 1441 2269 ,voto
1738 2206 1789 2250 6⁰

184 2269 352 2342 digna
369 2267 499 2323 tuo?
534 2269 729 2327 Cuneis
747 2289 815 2326 an
833 2271 1039 2328 'habent
1052 2270 1350 2345 spectacula
1370 2270 1509 2335 totis,

184 2342 335 2474 guod
353 2358 569 2400 securus
587 2363 751 2411 ameS,
773 2346 1026 2418 quodque
1049 2346 1175 2402 inde
1191 2361 1467 2417 excerpere
1476 2343 1686 2416 possis?

230 2416 543 2473 hironomon
563 2420 758 2475 Ledam
780 2418 928 2475 molli
949 2419 1174 2475 saltante
1187 2419 1449 2493 Bathyllo,

186 2491 382 2548 Tuscia
399 2492 601 2548 vesicae
620 2512 723 2549 non
746 2494 995 2564 imperat3
1036 2491 1247 2565 Appula
1265 2492 1470 2578 gannit,

186 2566 327 2621 sicut
346 2566 403 2620 in
422 2565 691 2638 amplexu,
715 2567 957 2621 subitum
981 2573 1033 2620 et
1049 2566 1375 2632 miserab1103
1420 2565 1639 2655 longum
1743 2580 1793 2621 ⁵5

189 2640 411 2695 attendit
427 2640 684 2714 Thymele
698 2659 710 2708 3
754 2639 1011 2713 Thymele
1027 2646 1157 2695 tunc
1180 2640 1374 2696 rustica
1391 2640 1565 2698 discit.

186 2716 288 2771 Ast
305 2712 457 2792 aliae,
479 2714 686 2787 quoties
704 2713 886 2770 aulaea
905 2713 1171 2771 recondita
1185 2723 1409 2783 cessant,

264 2806 502 2862 lonast..
1423 2808 1472 2860 E
