2209 3217
517 238 615 290 424
1041 237 1464 285 IUVENALIS

513 340 833 413 effugiatque
857 345 1049 411 togam.
1107 339 1219 393 Iam
1240 337 1461 392 nuncin
1481 335 1686 396 balnea.
1709 335 1860 392 salva

406 428 484 471 205
513 414 698 478 fronte,
722 412 842 467 licet
859 412 1039 477 vadam,
1063 427 1395 483 quamquam·
1414 410 1581 465 solida
1600 411 1727 465 hora
1748 414 2000 482 supersit

514 489 582 545 ad
599 495 825 554 sextam.
884 487 1073 541 Facere
1091 486 1191 540 hoe
1211 502 1317 540 non
1335 485 1509 556 possis
1527 485 1769 556 quinque
1788 486 1993 541 diebus

515 563 799 621 continuis,
821 561 948 632 quia
965 568 1092 615 sunt
1110 559 1230 614 talis
1246 576 1463 631 quoque
1479 558 1646 613 taedia
1663 559 1803 614 vitae

519 655 674 712 magn
681 654 726 692 a.
782 635 1084 707 Voluptates
1102 634 1437 690 commendat
1454 634 1618 689 rarior
1633 650 1788 688 usus.

909 898 1388 958 SATJRA
1478 899 1633 956 XII.

524 1042 607 1081 AR
617 1042 670 1080 Gr.
698 1041 936 1080 Gratulatu-
952 1039 1080 1079 amico
1103 1040 1272 1079 felicem
1290 1052 1339 1078 ex
1355 1045 1589 1090 tempestate
1609 1037 1785 1076 reditun
1804 1045 1846 1077 et
1862 1023 2023 1078 sacrifi.

615 1103 723 1143 oium
745 1102 899 1143 ideireo
925 1103 1151 1154 pollicitus,
1178 1116 1260 1142 non
1280 1110 1415 1141 tamen
1439 1115 1481 1140 ιο
1497 1101 1576 1141 hoo
1590 1101 1724 1149 facore
1742 1101 1818 1147 ait,
1832 1109 1883 1141 ut
1900 1102 2023 1158 here-5

613 1166 780 1205 «litatem
797 1166 885 1205 eiu·
900 1173 1050 1216 captet,
1067 1163 1268 1217 siquidem
1282 1167 1355 1206 ille
1369 1164 1501 1205 tribus
1518 1163 1662 1203 libori·
1679 1166 1876 1215 ςιὶιᾶειίς
1903 1166 2019 1214 dein-

615 1231 664 1267 de
682 1231 733 1267 de
748 1228 993 1280 heredipeti·
1006 1230 1194 1280 plurilm
1212 1225 1389 1270 disserit.

595 1301 799 1377 Natali,
826 1312 1068 1378 Corvino,
1091 1312 1178 1367 die
1202 1312 1335 1367 mihi
1355 1309 1560 1366 dulcior
1578 1310 1706 1366 haee
1722 1310 1840 1379 lux,

523 1403 627 1459 qua
646 1384 810 1440 festus
831 1387 1088 1457 promissa
1107 1387 1220 1441 deis
1240 1386 1486 1441 animalia
1506 1402 1685 1457 oespes

522 1466 800 1531 exspectat.
815 1472 827 1485 ·
857 1460 1075 1513 Niveam
1096 1461 1326 1532 Reginae
1344 1460 1613 1515 caedimus
1634 1478 1856 1533 agnam:

522 1552 619 1607 par
635 1532 808 1588 vellus
826 1532 1039 1587 dabitur
1060 1534 1321 1606 pugnanti
1338 1534 1582 1607 Gorgone
1599 1536 1811 1589 Maura:

416 1622 440 1664 5
522 1608 616 1664 sed
639 1606 823 1680 prooul
850 1614 1128 1662 extensum
1155 1605 1397 1680 petulans
1424 1608 1596 1680 quatit
1613 1608 1783 1663 hostia
1807 1607 2018 1667 hinem.

525 1684 741 1756 Tarpeio
757 1690 960 1739 servata
981 1683 1111 1748 Iovi,
1129 1681 1464 1755 frontemque
1487 1689 1748 1738 coruscat:

525 1760 724 1832 quippe
748 1757 894 1814 ferox
911 1758 1132 1824 vitulus,
1155 1758 1366 1831 templis
1385 1766 1622 1813 maturus
1640 1765 1692 1813 et
1709 1774 1847 1824 arae,

525 1833 961 1908 spargendusque
978 1850 1141 1896 mero,
1161 1849 1323 1905 quem
1343 1835 1448 1888 iam
1470 1833 1633 1904 pudet
1650 1832 1813 1887 ubera
1834 1834 2024 1888 matris

525 1910 731 1972 ducere,
754 1907 849 1978 qui
868 1916 1024 1962 vexat
1042 1909 1275 1962 nascenti
1294 1909 1478 1962 robora
1498 1924 1678 1962 eornu.

418 1994 469 2037 10
525 1982 582 2037 Si
601 1999 684 2036 res
701 1979 877 2048 ampla
895 1980 1040 2035 domi
1060 1981 1361 2052 similisque
1376 1980 1645 2036 affectibus
1664 1987 1818 2045 esset,

524 2053 774 2126 pinguior
792 2052 1032 2121 Hispulla
1052 2055 1341 2109 traheretur
1358 2061 1560 2118 tauruS,
1582 2061 1633 2107 et
1651 2053 1766 2122 ipsa

525 2127 664 2182 mole
687 2126 853 2199 piger,
879 2142 975 2179 nee
992 2126 1216 2181 finitima
1242 2129 1472 2181 nutritus
1492 2129 1548 2181 in
1573 2124 1755 2190 herba,

525 2202 655 2258 laeta
673 2201 768 2256 sed
784 2199 1061 2255 ostendens
1079 2199 1335 2255 Clitumni
1353 2215 1546 2271 pascua
1566 2199 1786 2273 sanguis

526 2278 641 2343 iret,
663 2284 715 2332 et
732 2293 762 2331 a
780 2274 968 2350 grandi
987 2275 1166 2330 cervix
1183 2274 1412 2330 ferienda
1432 2275 1693 2340 ministro,
1775 2329 1780 2334 ,

418 2362 470 2406 15
524 2353 594 2408 ob
611 2351 839 2408 reditum
856 2350 1164 2423 trepidantis
1188 2350 1379 2416 adhuc,
1403 2350 1773 2422 horrendaque
1789 2353 1934 2422 passi

527 2443 716 2499 nuper,
739 2433 789 2481 et
809 2425 1128 2481 incolumem
1154 2442 1268 2481 sese
1285 2426 1531 2481 mirantis
1551 2426 1726 2480 amici.

525 2503 664 2557 Nam
687 2508 889 2572 praeter
898 2500 1077 2575 pelagi
1097 2518 1274 2570 casae,
1301 2508 1352 2556 et
1369 2500 1598 2575 fulguris
1618 2500 1781 2554 ictum

526 2575 690 2639 evasi,
717 2575 909 2630 densae
925 2577 1128 2631 eoelum
1150 2576 1467 2631 abscondere
1485 2575 1729 2630 tenebrae

528 2649 671 2704 nube
686 2664 813 2712 ¹1⁰⁸,
838 2649 1157 2723 subitusque
1173 2659 1427 2707 antennas
1447 2648 1660 2722 impulit
1677 2646 1838 2723 ignis,

419 2733 471 2777 2⁰
527 2738 698 2795 quum
716 2738 774 2775 se
791 2723 1021 2794 quisque
1040 2725 1134 2780 illo
1148 2742 1462 2797 percussum
1479 2724 1722 2788 crederet,
1748 2730 1799 2777 et
1816 2737 1942 2777 mox
