2209 3217
749 252 1037 299 SATIRA
1072 254 1165 299 111.
1634 247 1699 301 47

205 348 412 406 Stoicus
435 348 623 404 occidit
640 351 878 415 Baream,
903 351 1099 405 delator
1116 353 1363 418 amicum,

205 421 636 494 discipulumque
654 443 834 489 senex,
858 426 972 496 ripa
992 424 1226 480 nutritus
1247 426 1302 480 in
1324 427 1429 491 illa,

205 496 272 552 ad
288 514 454 568 quam
476 497 739 572 Gorgonei
758 499 969 570 delapsa
988 507 1067 553 est
1083 516 1259 570 penna
1276 500 1478 555 caballi.

206 573 325 625 Non
342 579 423 625 est
442 573 680 626 Romano
696 575 946 646 cuiquam
970 573 1116 629 locus
1145 574 1249 639 hic,
1273 574 1365 628 ubi
1396 585 1576 647 regnat

206 647 521 718 Protogenes
539 646 751 717 aliquis,
774 648 857 703 vel
884 648 1145 719 Diphilus,
1171 657 1262 703 aut
1278 649 1638 715 Erimarchus,
1728 660 1807 704 120

207 720 300 792 qui
321 720 496 792 gentis
516 721 645 775 vitio
663 737 959 793 numquam
980 723 1203 793 partitur
1217 723 1475 788 amicum,

206 794 353 849 solus
372 794 549 849 habet.
608 797 744 851 Nam
763 814 933 868 quum
955 795 1160 852 facilem
1186 797 1406 852 stillavit
1430 798 1483 852 in
1506 814 1686 852 aurem

205 868 466 941 exiguum
486 868 552 923 de
575 877 793 926 naturae
813 871 1117 943 patriaeque
1134 889 1353 939 veneno,

205 942 393 997 limine
411 942 753 1001 submoveor:
797 945 1062 1016 perierunt
1083 954 1313 1017 tempora
1333 946 1479 1019 longi

206 1017 432 1072 servitii.
508 1018 789 1089 Nusquam
807 1020 983 1075 minor
1001 1028 1076 1075 est
1100 1021 1295 1076 iactura
1314 1020 1540 1076 clientis.
1730 1030 1808 1074 125

203 1090 359 1158 Quod
378 1107 533 1162 porro
555 1092 808 1159 officium,
834 1112 900 1150 ne
921 1094 1074 1149 nobis
1092 1094 1353 1158 blandiar,
1378 1102 1470 1149 aut
1487 1093 1629 1166 quod

202 1166 455 1238 pauperis
480 1167 569 1221 hic
586 1169 853 1235 meritum,
877 1168 923 1223 si
949 1179 1095 1224 curet
1118 1177 1266 1223 nocte
1289 1176 1495 1242 togatus

203 1258 434 1304 currere,
457 1258 627 1313 quum
646 1244 855 1297 Praetor
874 1242 1106 1297 lictorem
1128 1242 1362 1314 impellat
1379 1251 1429 1298 et
1447 1244 1525 1299 ire

202 1315 545 1387 praecipitem
567 1317 759 1380 iubeat,
782 1318 990 1372 dudum
1010 1317 1356 1391 vigilantibus
1374 1319 1537 1383 orbis,

202 1407 272 1445 ne
291 1390 439 1460 prior
460 1390 709 1445 Albinam
727 1400 777 1446 et
803 1392 1033 1447 Modiam
1057 1392 1255 1467 collega
1273 1393 1497 1449 salutet?
1729 1402 1807 1444 130

201 1464 397 1519 Divitis
415 1464 502 1518 hic
520 1466 661 1520 servi
680 1466 878 1521 claudit
896 1467 1033 1522 latus
1052 1468 1406 1541 ingenuorum

203 1538 379 1593 filius:
422 1538 550 1594 alter
572 1541 733 1606 enim,
757 1543 1093 1613 quantumin
1115 1542 1318 1615 legione
1335 1543 1559 1598 Tribuni

202 1613 486 1685 accipiunt,
511 1614 670 1669 donat
689 1615 874 1672 Calvia
907 1634 936 1671 e
958 1617 1039 1671 vel
1061 1618 1322 1680 Catienae,

200 1696 262 1742 ut
284 1686 453 1742 semel
474 1695 632 1759 atque
653 1691 841 1743 iterum
900 1708 1021 1760 iper
1042 1690 1190 1743 illam
1208 1690 1450 1759 palpitet:
1492 1695 1545 1741 at
1563 1696 1639 1747 tu,

201 1778 377 1833 quum
400 1762 496 1814 tibi
516 1763 690 1816 vestiti
710 1762 808 1815 faci
885 1764 1041 1816 scorti
1060 1762 1245 1831 placet,
1272 1761 1455 1814 haeres
1734 1769 1811 1811 135

201 1845 251 1891 et
269 1835 497 1891 dubitas
519 1833 621 1887 alta
640 1834 875 1889 Chionen
896 1834 1154 1888 deducere
1168 1833 1317 1887 sella.

200 1911 274 1965 Da
296 1915 490 1964 testem
508 1907 704 1961 Romae
720 1915 829 1966 tam
849 1914 1110 1971 sanctum,
1135 1924 1298 1978 quam
1320 1904 1418 1966 suit
1437 1906 1626 1978 hospes

201 1981 453 2039 numinis
471 1979 638 2035 Idaei:
681 1981 924 2053 procedat
943 1980 1024 2036 vel
1046 1983 1239 2044 Numa,
1268 1980 1352 2037 vel
1372 1981 1468 2053 qui

201 2057 442 2114 servavit
459 2055 715 2127 trepidam
735 2055 975 2131 flagranti
994 2074 1061 2112 ex
1080 2057 1205 2111 aede
1218 2057 1538 2114 Minervam:

200 2140 461 2205 protenus
480 2131 548 2186 ad
566 2148 807 2195 censum,
830 2132 896 2186 de
916 2131 1153 2187 moribus
1172 2132 1360 2187 ultima
1381 2132 1469 2186 fiet
1731 2138 1809 2183 140

204 2207 462 2279 quaestio,
524 2206 663 2272 Quot
681 2208 846 2277 pascit
863 2206 1079 2261 servos?
1115 2215 1245 2279 quot
1264 2206 1496 2278 possidet
1512 2205 1623 2277 agri

204 2280 429 2355 iugera?
464 2298 629 2352 quam
649 2281 820 2337 multa
833 2299 1133 2354 magnaque
1150 2280 1427 2353 paropside
1445 2277 1663 2335 coenat?

205 2355 480 2422 Quantum
500 2356 731 2427 quisque
747 2375 845 2411 sua
865 2374 1209 2414 nummorum
1234 2362 1410 2411 servat
1426 2355 1483 2409 in
1502 2371 1638 2418 arca,

205 2438 415 2485 tantum
436 2430 662 2485 habetet
681 2431 821 2486 fidei.
880 2433 1025 2486 Iures
1045 2431 1164 2486 licet
1181 2439 1233 2485 et
1250 2429 1647 2485 Samothracum

206 2513 259 2560 et
281 2512 582 2571 nostrorum
602 2503 748 2564 aras:
789 2513 1120 2561 contemnere
1138 2505 1363 2578 fulmina
1382 2519 1581 2575 pauper
1732 2510 1810 2556 145

204 2579 441 2634 creditur
457 2588 615 2651 atque
637 2581 781 2647 deoS,
805 2581 889 2635 dis
916 2580 1311 2653 ignoscentibus
1329 2578 1483 2649 ipsis·

205 2653 371 2721 Quid,
401 2655 545 2724 quod
566 2657 834 2711 materiam
854 2655 1066 2726 praebet
1083 2671 1375 2726 causasque
1394 2653 1626 2709 iocorum

205 2730 461 2785 omnibus
482 2730 568 2785 hic
587 2730 746 2799 idem,
769 2731 815 2787 si
837 2729 984 2787 foeda
1004 2737 1055 2786 et
1072 2729 1237 2785 scissa
1256 2729 1480 2793 lacerna,
