2209 3217
486 274 551 327 46
1017 275 1442 329 IUVENALIS

486 380 737 434 advectus
757 380 998 445 Romam,
1021 396 1132 451 quo
1148 398 1319 452 pruna
1337 388 1388 436 et
1404 387 1605 435 cottana
1625 379 1816 435 vento?

484 454 664 524 Usque
681 452 809 507 adeo
835 453 968 507 nihil
990 462 1086 518 est,
1112 455 1257 526 quod
1277 461 1450 508 nostra
1478 453 1694 509 infantia
1715 454 1926 510 coelum

374 536 427 580 85
480 526 657 581 hausit
674 525 1014 592 Aventinum,
1039 529 1192 582 bacea
1216 529 1407 582 nutrita
1427 526 1657 583 Sabina?

483 601 643 667 Quid,
668 601 812 673 quod
824 601 1074 655 adulandi
1093 619 1225 674 gens
1248 602 1654 672 prudentissima
1674 600 1855 657 laudat

483 692 779 744 sermonem
806 675 1016 740 indocti,
1040 673 1224 729 faciem
1245 675 1495 731 deformis
1514 677 1688 739 amici.

483 759 536 804 et
555 749 639 804 lon
720 768 773 803 m
795 749 1012 803 invalidi
1032 749 1229 804 collum
1249 751 1542 804 cervicibus
1563 758 1752 822 aequat

483 825 648 880 Hercu
676 824 740 889 ie,
765 824 1023 878 Antaeum
1045 823 1224 894 procul
1247 842 1278 878 a
1297 823 1482 879 tellure
1495 825 1742 891 tenenti3‚

376 906 429 950 90
485 899 709 953 miratur
726 914 905 951 vocem
927 905 1224 970 angustam,
1252 916 1357 969 qua
1377 899 1605 953 deterius
1628 915 1724 953 nec

485 972 576 1027 ille
599 979 766 1035 sonat,
791 985 899 1043 quo
919 973 1186 1026 mordetur
1203 972 1402 1045 gallina
1422 973 1629 1027 marito.

483 1047 619 1102 Haec
636 1045 817 1101 eadem
837 1044 952 1098 licet
971 1054 1022 1099 et
1042 1046 1194 1100 nobis
1215 1046 1455 1101 laudare:
1496 1047 1590 1101 sed
1613 1045 1717 1101 illis

483 1120 621 1175 credi
628 1128 731 1174 tur.
747 1121 827 1174 An
841 1119 1040 1184 melior,
1056 1137 1226 1192 quum
1237 1120 1437 1175 Thaida
1446 1121 1687 1187 sustinet,
1702 1139 1767 1175 an
1777 1163 1789 1186 ,
1802 1139 1979 1194 quum

486 1211 707 1249 uxorem
723 1195 1004 1248 comoedus
1024 1195 1150 1266 agit,
1172 1194 1256 1249 vel
1281 1194 1472 1249 Dorida
1492 1194 1639 1249 nullo

377 1277 430 1322 95
484 1268 681 1323 cultam
700 1267 947 1338 palliolo?
983 1268 1174 1323 Mulier
1191 1286 1380 1339 nempe
1407 1269 1517 1340 ipsa
1538 1268 1766 1330 videtur,

486 1359 591 1398 non
610 1355 847 1412 persona,
874 1341 1045 1413 loqui:
1088 1360 1252 1397 vacua
1269 1350 1322 1397 et
1339 1343 1495 1413 plana
1513 1344 1688 1397 omnia
1708 1342 1855 1399 dicas

486 1415 623 1471 infra
642 1414 1013 1478 ventriculum,
1036 1424 1087 1470 et
1107 1417 1250 1471 tenui
1275 1416 1521 1471 distantia
1546 1418 1702 1471 rima.

486 1493 594 1547 Nec
611 1496 816 1543 tantum
841 1490 1150 1555 Antiochus-1,
1176 1507 1271 1545 nec
1287 1492 1384 1545 erit
1402 1490 1661 1545 mirabilis
1687 1489 1796 1544 illic

486 1572 578 1620 aut
596 1561 887 1625 StratocleS‚
911 1572 1142 1619 autenm
1163 1563 1308 1619 molli
1332 1566 1623 1620 Demetrius
1642 1566 1870 1620 Haemo:

379 1650 457 1693 100
488 1639 629 1694 natio
647 1638 890 1693 comoeda
910 1646 1002 1693 est.
1064 1638 1257 1693 Rides?
1294 1641 1489 1694 maiore
1504 1640 1762 1694 cachinno

486 1713 806 1769 concutitur:
850 1711 952 1773 flet.
976 1713 1021 1766 si
1042 1712 1303 1768 lacrumas
1320 1715 1593 1785 conspexit
1612 1714 1785 1779 amici,

488 1805 585 1844 nec
600 1787 764 1842 dolet:
806 1786 1100 1859 igniculum
1121 1789 1341 1843 brumae
1364 1789 1410 1842 si
1429 1796 1661 1859 tempore
1677 1804 1883 1860 poscam,

488 1862 674 1933 accipit
692 1861 1032 1917 endromiden
1050 1882 1062 1916 ε
1105 1863 1153 1916 si
1173 1863 1373 1918 dixeris
1389 1870 1657 1925 »noento«,
1678 1862 1858 1917 sudat.

488 1938 604 1991 Non
627 1953 816 1990 sumus
835 1952 958 2008 ergo
975 1953 1155 2006 pares3
1193 1935 1394 2002 melior,
1419 1937 1514 2008 qui
1535 1952 1744 2007 semper
1759 1943 1811 1992 et
1829 1938 1980 1994 omni

380 2021 459 2064 105
488 2019 637 2066 nocte
656 2009 847 2079 dieque
865 2017 1030 2079 potest
1047 2008 1280 2064 alienum
1298 2027 1508 2065 sumere
1526 2009 1756 2075 vultum,

488 2102 519 2139 a
539 2083 668 2138 facie
686 2083 873 2137 iactare
891 2100 1099 2146 manm,
1126 2083 1339 2139 laudare
1356 2092 1586 2155 paratus,

487 2159 534 2213 si
553 2159 687 2213 bene
704 2157 941 2220 ructavit,
967 2157 1011 2211 si
1034 2165 1232 2213 rectum
1252 2159 1447 2214 minxit
1465 2159 1685 2223 amicae,

488 2234 534 2288 si
556 2231 713 2287 trulla
731 2232 941 2286 inverse
957 2233 1212 2303 crepitum
1232 2231 1375 2287 dedit
1394 2249 1549 2287 aurea
1568 2231 1754 2287 fundo.

488 2309 752 2362 Praeterea
772 2313 1012 2368 sanctum
1033 2306 1165 2362 nihil
1188 2314 1267 2360 est
1284 2314 1334 2360 et
1353 2307 1421 2361 ab
1442 2307 1660 2379 inguine
1684 2313 1888 2373 tutum3

382 2392 460 2434 110
491 2398 598 2438 non
617 2389 855 2456 matrona
874 2378 1017 2440 laris.
1042 2397 1148 2434 non
1167 2379 1277 2434 filia
1299 2381 1464 2454 virgo,
1490 2381 1661 2452 neque
1681 2381 1794 2451 ipse

489 2472 719 2527 sponsus
738 2453 869 2509 levis
888 2453 1079 2519 adhuc,
1105 2470 1211 2508 non
1233 2454 1377 2508 filius
1396 2462 1516 2509 ante
1532 2455 1781 2526 pudicuS.

489 2531 691 2584 Horum
710 2530 756 2582 si
776 2526 912 2582 nihil
931 2535 1026 2592 est,
1050 2528 1222 2581 aviam
1245 2528 1515 2600 resupinat
1533 2527 1709 2583 amici.

491 2603 633 2659 Scire
654 2600 838 2656 volunt
858 2609 1050 2656 secreta
1065 2601 1277 2665 domna,
1301 2609 1460 2674 atque
1477 2602 1601 2657 inde
1618 2602 1815 2656 timeri.

566 2676 634 2731 Et
652 2674 867 2745 quando
889 2676 1059 2745 coepit
1078 2676 1400 2730 Graecorum
1421 2676 1635 2740 mentio,
1658 2678 1824 2730 transi

386 2762 464 2805 115
492 2747 793 2826 gymnasia,
815 2754 974 2819 atque
997 2748 1126 2804 audi
1144 2748 1349 2805 facinus
1366 2750 1583 2806 maioris
1602 2749 1822 2806 abollae.
