2209 3217
746 283 1039 331 SATIRA
1075 285 1167 333 VI.
1629 282 1697 336 75

206 397 364 455 quem
394 381 540 438 dedit
566 381 698 440 haec
722 381 1029 453 posuitque,
1061 382 1278 467 modum
1294 425 1308 449 ,
1338 393 1530 452 tamen,
1565 387 1696 443 utile

205 528 530 602 prospiciunt
548 528 835 600 aliquando
852 529 971 594 viri,
995 456 1276 603 fffilgluiszliie
1291 527 1588 604 famemque
1724 546 1803 589 360

205 603 418 659 formica
438 602 652 658 tandem
670 603 887 674 quidam
909 620 1167 675 expavere
1191 604 1464 677 magistra.

205 676 426 749 Prodiga
445 692 553 731 non
573 677 731 732 sentit
759 680 1062 750 pereuntem
1089 678 1289 733 femina
1308 694 1529 733 censum
1545 720 1558 744 ,

204 770 277 815 ac,
302 752 450 806 velut
466 751 720 806 exhausta
738 752 1010 808 redivivus
1026 751 1257 824 pullulet
1273 770 1392 808 arca

204 843 420 891 numus,
442 832 493 879 et
510 842 540 879 e
556 824 712 898 pleno
729 842 935 898 semper
955 827 1165 882 tollatur
1182 844 1383 892 noento,

203 916 589 1045 ⁰⁰33?ssssss
606 906 836 1029 ἑίἱῖῗιξὶ
855 902 1382 1032 ῗῖωὲῗῗέἐὲἒῗιξῖἴὶἰ
1393 909 1649 1033 ‘effi‘
1721 916 1798 961 ³⁶⁵

199 1048 381 1105 oscula
399 1016 667 1111 delectent,
695 1056 746 1103 et
761 1048 1051 1121 desperatio
1067 1050 1279 1116 barbae,
1515 995 1583 1049 pe

197 1132 248 1180 et
270 1122 420 1196 'quod
436 1123 670 1179 abortivo
687 1140 793 1178 nou
811 1130 889 1178 est
912 1141 1068 1196 opus.
1128 1125 1222 1180 Illa
1240 1124 1484 1196 voluptas

196 1215 413 1253 summa
429 1204 625 1263 tamen,
648 1197 792 1269 quod
812 1199 917 1252 iam
934 1197 1104 1253 onlida
1122 1206 1172 1252 et
1190 1206 1395 1254 matura
1410 1201 1620 1257 iuventa

193 1274 420 1403 {inguina
439 1271 717 1418 matur
741 1272 976 1358 medicis,
1001 1271 1107 1326 iam
1129 1272 1330 1359 pectine
1355 1275 1524 1348 nigro.
1717 1287 1796 1331 37⁰

242 1366 268 1401 r
304 1364 338 1402 o
354 1363 450 1401 exs
648 1363 676 1399 s
694 1363 754 1401 ao
771 1363 944 1403 iussos
962 1363 1191 1403 oresoere
1244 1366 1442 1404 timum

191 1365 482 1491 ‚tesffiouloffi
505 1427 788 1493 postquam
803 1429 1087 1494 coeperunt
1101 1364 1473 1491 essepbilibres,

194 1495 426 1552 tonsoris
443 1495 640 1553 damno
660 1502 866 1552 tautum
886 1497 1022 1570 rapit
1042 1497 1370 1553 Heliodorus.

191 1570 528 1641 Conspicuus
549 1570 702 1644 longe
721 1573 1028 1645 cunctisque
1046 1573 1292 1628 notabilis
1311 1573 1470 1629 intrat

191 1644 403 1709 balnea,
429 1662 523 1699 neo
540 1644 702 1701 dubie
717 1647 986 1701 custodem
1003 1647 1129 1702 vitis
1148 1654 1201 1701 et
1219 1647 1357 1701 horti
1718 1657 1796 1700 375

189 1725 461 1791 provocat,
485 1736 515 1772 a
531 1718 746 1772 domina
770 1718 938 1773 faetus
958 1718 1140 1787 spado.
1202 1718 1439 1771 Dormiat
1455 1717 1544 1772 ille

188 1810 319 1849 cum
336 1790 582 1847 domina:
623 1791 718 1844 sed
738 1798 794 1844 tu
822 1792 927 1844 iam
951 1789 1169 1853 durum,
1191 1790 1456 1854 Postume,
1481 1790 1695 1862 iamque

187 1864 527 1923 tondendum
545 1862 789 1917 eunucho
805 1862 1080 1916 Bromium
1096 1861 1423 1918 committere
1447 1862 1571 1919 noli.

267 1940 330 1995 Si
350 1936 549 2012 gaudet
567 1941 751 1991 cantu:
795 1934 998 1990 nullius
1017 1935 1181 1991 fibula
1198 1935 1354 1991 durat

190 2030 383 2073 vocem
406 2010 681 2067 vendentis
699 2011 1055 2082 praetoribus:
1096 2027 1293 2085 organa
1310 2028 1517 2086 semper
1718 2023 1797 2070 880

188 2091 248 2146 in
269 2087 551 2145 manibus:
593 2085 745 2141 densi
764 2085 971 2142 radiant
988 2086 1249 2143 testudine
1263 2093 1369 2142 tota

188 2161 579 2236 sardonyches:
619 2162 793 2234 crispo
811 2169 1155 2217 numerantur
1172 2163 1375 2234 pectine
1392 2163 1634 2231 chordae,

190 2255 306 2311 quo
324 2244 471 2292 tener
480 2235 789 2310 Hedymeles
806 2253 990 2309 operas
999 2237 1171 2293 dedit:
1204 2238 1348 2293 huno
1356 2245 1509 2304 tenet,
1523 2238 1688 2295 hoose

191 2312 414 2375 solatur,
438 2318 690 2383 gratoque
707 2311 947 2385 indulget
963 2312 1112 2368 basia
1129 2311 1342 2383 pleotro.

192 2385 470 2454 Quaedam
490 2383 557 2441 de
575 2400 794 2442 numero
812 2386 1120 2442 Lamiarum
1134 2403 1195 2440 ao
1217 2386 1451 2440 nominis
1470 2385 1558 2441 alti
1716 2398 1794 2444 385

192 2479 323 2517 cum
343 2459 479 2515 farre
499 2467 550 2516 et
570 2461 698 2516 vino
715 2462 904 2515 Ianum
921 2461 1243 2532 Vestamque
1261 2460 1494 2533 rogabat,

193 2554 268 2592 an
286 2532 633 2606 Capitolinam
653 2534 864 2589 deberet
881 2534 1046 2590 Pollio
1062 2550 1323 2605 quereum

192 2627 408 2682 sperare
422 2615 474 2664 et
494 2608 692 2663 fidibus
710 2607 1027 2680 promittere.
1086 2606 1230 2673 Quid
1249 2606 1434 2662 faceret
1451 2606 1574 2679 plus

191 2691 496 2758 aegrotante
514 2681 666 2738 viro‘?
702 2681 923 2738 medicis
937 2681 1070 2755 quid
1089 2680 1331 2736 tristibus
1345 2698 1470 2756 erga

193 2758 427 2816 filiolum
438 2756 468 2811 ‘2
501 2755 653 2814 Stetit
667 2764 789 2814 ante
806 2773 971 2824 aram,
993 2772 1091 2813 neo
1106 2763 1261 2830 turpe
1276 2757 1481 2830 putavit
1718 2764 1797 2805 390
