2209 3217
539 272 636 325 402
1113 275 1536 324 IUVENALIS

533 385 583 432 et
601 376 837 431 Cererem
857 373 1000 448 (nam
1020 393 1129 448 quo
1148 393 1255 432 non
1273 382 1469 447 prostat
1483 374 1679 431 femina
1696 373 1896 448 templo
1904 376 1951 452 ⁸2)

426 464 475 507 25
532 450 700 506 notior
718 450 930 505 Aufidio
948 452 1197 505 moechus
1217 451 1475 506 celebrare
1491 450 1713 515 solebaS,

427 911 478 954 30

418 1287 477 1330 ·35

427 1732 480 1778 40

428 2108 481 2168 4⁵

437 2485 486 2527 50

533 525 783 599 quodque
806 532 962 591 taceS‚
986 526 1129 597 ipsos
1149 526 1306 580 etiam
1321 525 1572 581 inclinare
1590 524 1826 580 maritos.

532 603 699 656 Nuv.
739 600 875 656 Utile
893 606 944 655 et
960 599 1059 656 hoc
1078 599 1262 655 multis
1280 600 1418 655 vitae
1433 617 1632 674 genus:
1673 607 1725 654 at
1743 599 1882 654 mihi
1904 600 2039 658 nul-

1378 673 1493 729 lum

535 750 659 805 inde
682 765 867 822 operae
893 749 1141 821 pretium.
1204 747 1436 823 Pingues
1463 748 1750 822 aliquando
1767 747 2029 817 lacernas,

534 825 862 880 munimenta
881 831 1046 898 togae,
1069 822 1193 879 duri
1210 825 1479 897 crassique
1496 824 1703 890 coloris,

534 907 584 955 et
608 898 747 955 male
762 916 1039 971 percussas
1056 899 1269 955 textoris
1285 900 1489 971 pectine
1507 897 1648 955 Galli

535 975 840 1048 accipimus,
862 981 1019 1030 tenue
1038 982 1315 1047 argentum
1334 991 1603 1047 venaeque
1621 972 1903 1028 secundae.

535 1051 660 1105 Fata
682 1057 872 1125 regunt
886 1049 1158 1106 homines:
1199 1048 1367 1107 fatum
1385 1057 1466 1108 est
1483 1057 1533 1105 et
1549 1048 1788 1121 partibus
1810 1047 1942 1115 illis,

536 1143 671 1197 quas
689 1125 841 1180 sinus
861 1124 1154 1181 abscondit.
1218 1125 1356 1180 Nam
1375 1124 1422 1179 si
1440 1124 1538 1180 tibi
1557 1123 1729 1180 sidera
1751 1131 1978 1188 cessant,

535 1199 611 1256 nil
630 1199 781 1256 faciet
798 1199 945 1275 longi
968 1217 1217 1257 mensura
1235 1199 1500 1274 incognita
1523 1198 1691 1261 nervi,

533 1275 782 1348 quamvis
799 1282 851 1331 te
875 1275 1082 1331 nudum
1101 1275 1371 1347 spumanti
1391 1275 1544 1332 Virro
1565 1271 1754 1329 labello

535 1349 742 1414 viderit,
767 1357 818 1406 et
834 1350 1059 1406 blandae
1078 1350 1291 1405 assidue
1309 1350 1607 1423 densaeque
1625 1346 1847 1404 tabellae

535 1423 836 1480 sollicitent:
881 1423 1042 1487 αὐτὸς
1063 1424 1175 1510 γὰρ
1200 1426 1471 1496 ἐφέλκεται
1486 1424 1658 1499 ἄνδρα
1680 1421 1925 1485 κίναιδος.

536 1497 688 1565 Quod
715 1504 891 1553 tamen
923 1496 1146 1553 ulterius
1176 1505 1490 1626 monstruu‘g,
1521 1516 1684 1572 quam
1703 1495 1879 1553 mollis
1897 1514 2037 1553 ava-

1341 1590 1434 1628 rus

536 1648 707 1703 »Haec
725 1645 903 1712 tribui,
926 1645 1118 1703 deinde
1136 1646 1227 1702 illa
1243 1646 1384 1715 dedi,
1408 1664 1534 1704 mox
1551 1648 1707 1722 plura
1729 1646 1898 1703 tulisti
1912 1669 1960 1715 α,

536 1729 819 1795 computat,
842 1739 903 1778 ac
917 1729 1075 1778 cevet.
1135 1723 1362 1779 Ponatur
1371 1723 1626 1791 calculus,
1650 1724 1825 1780 adsint

536 1816 660 1855 cum
679 1797 860 1854 tabula
877 1798 1056 1871 pueri:
1097 1816 1321 1855 numera
1339 1800 1572 1856 sestertia
1590 1801 1831 1873 quinque

536 1874 788 1930 omnibus
808 1863 831 1927 1'
829 1891 863 1928 n
882 1874 1067 1942 rebus3
1113 1883 1456 1932 numerentur
1474 1875 1663 1931 deinde
1680 1874 1901 1929 labores.

535 1948 621 2004 An
638 1947 788 2004 facile
805 1954 856 2003 et
873 1965 1101 2019 pronum
1123 1958 1218 2015 est,
1248 1968 1400 2026 agere
1418 1952 1555 2005 intra
1571 1950 1769 2004 viscera
1787 1965 1986 2020 penem

538 2023 852 2097 legitimum,
875 2029 1032 2095 atque
1051 2024 1162 2080 illic
1178 2027 1449 2081 hesternae
1464 2039 1730 2079 occurrere
1746 2025 1980 2081 coenae?

536 2097 732 2154 Servus
751 2097 847 2152 erit
866 2098 1046 2154 minus
1065 2099 1157 2155 ille
1171 2100 1349 2165 miser,
1372 2099 1476 2172 qui.
1484 2096 1668 2152 foderit
1686 2112 1896 2169 agrum,

538 2189 701 2246 quam
720 2172 1019 2229 dominum.
1059 2174 1164 2230 Sed
1186 2181 1245 2229 tu
1268 2191 1394 2228 sane
1410 2179 1648 2226 tenerum
1668 2177 1719 2225 et
1736 2188 1971 2242 puerum
1983 2184 2039 2234 te

536 2256 588 2303 et
605 2245 849 2320 pulcrum
873 2257 926 2303 et
942 2249 1167 2323 dignum
1192 2248 1381 2321 cyatho
1397 2245 1644 2316 coeloque
1660 2246 1902 2317 putabas.

536 2324 643 2378 Vos
662 2322 856 2379 humili
878 2322 1129 2386 adseclae,
1154 2338 1247 2376 vos
1265 2319 1609 2395 indulgebitis
1626 2338 1887 2396 umquam

537 2397 742 2464 cultori,
766 2399 872 2454 iam
897 2414 994 2453 nec
1013 2396 1194 2452 morbo
1212 2395 1408 2453 donare
1423 2395 1627 2470 parati?

542 2475 644 2540 En,
669 2474 756 2529 cui
777 2480 836 2528 tu
855 2471 1081 2528 viridem
1100 2471 1409 2540 umbellam,
1432 2472 1520 2528 cui
1539 2471 1751 2528 succina
1774 2472 1955 2530 mittas

537 2547 778 2623 grandia,
805 2545 992 2603 natalis
1012 2547 1221 2620 quoties
1242 2548 1392 2616 redit,
1418 2554 1509 2604 aut
1525 2547 1803 2604 madidum
1824 2565 1918 2604 ver

537 2622 739 2692 incipit,
762 2630 814 2678 et
834 2630 992 2678 strata
1011 2623 1214 2695 positus
1233 2623 1497 2700 longaque
1513 2623 1756 2679 cathedra

539 2712 761 2751 munera
780 2695 1024 2754 femineis
1040 2705 1224 2754 tractat
1240 2709 1434 2757 secreta
1456 2698 1721 2756 Calendis.

538 2770 651 2834 Dic,
674 2786 871 2840 passer,
894 2773 982 2827 cui
999 2780 1075 2828 tot
1090 2781 1314 2840 montes,
1336 2782 1412 2832 tot
1426 2775 1639 2847 praedia
1653 2790 1832 2830 servas
