2209 3217
51 0 2163 136 “⁷me

646 278 934 325 SATIRA
967 280 1084 326 XV.
1504 280 1600 333 149

112 377 383 443 dimidios,
407 377 535 432 alias
553 376 726 443 faciem
755 384 807 433 et
828 377 1027 433 hiantia
1045 379 1214 450 ruptis

113 472 234 509 ossa
254 454 424 527 genie,
446 452 630 524 plenos
646 452 917 508 oculorum
937 454 1197 527 sanguine
1215 471 1436 529 pugnos.

115 529 319 584 Ludere
339 545 398 583 se
415 527 637 584 credunt
653 527 755 600 ipsi
780 535 972 593 tamen,
998 536 1048 582 et
1064 527 1294 601 pueriles

115 620 353 659 exercoee
370 603 523 667 acieS‚
548 603 693 676 quod
714 602 861 659 nulla
879 602 1132 658 cadavera
1153 603 1371 660 calcent.
1657 618 1708 662 σο

113 679 181 732 Et
198 695 323 733 sane
343 694 452 750 quo
471 684 545 732 tot
562 678 783 734 rixantis
806 677 975 734 millia
994 677 1197 744 turbae,

115 753 162 808 si
182 755 374 810 vivunt
394 752 613 808 omnes?
647 754 787 827 Ergo
807 754 971 809 acrior
988 754 1236 826 impetuS‚
1257 761 1308 809 et
1327 753 1434 809 iam

118 845 247 882 saxa
267 826 526 884 inclinatis
546 845 637 900 per
655 828 885 884 humum
907 830 1142 899 quaesita
1161 828 1366 884 lacertis

116 903 377 975 incipiunt
393 899 652 975 torquere,
673 901 956 958 domestica
974 903 1218 959 seditioni

117 977 248 1045 tela3
288 981 383 1031 ‘nec
404 977 548 1033 hunc
572 976 819 1049 lapidem,
845 977 1030 1049 quales
1055 985 1105 1033 et
1124 977 1337 1034 Turnus
1362 984 1413 1033 et
1430 977 1580 1040 Aiax,
1660 988 1710 1032 65
1797 999 1804 1005 ·

119 1050 204 1107 vel
225 1068 329 1123 quo
348 1052 578 1126 Tydides
597 1053 854 1124 percussit
872 1052 1101 1125 pondere
1118 1069 1306 1108 coxam

118 1124 345 1194 Aenea03
387 1127 480 1182 sed
497 1144 659 1200 quem
677 1126 884 1183 valeant
899 1128 1135 1183 emittere
1151 1126 1362 1183 dextrae

118 1201 231 1255 illis
249 1199 543 1267 dissimiles,
566 1209 616 1257 et
634 1209 810 1258 nostro
826 1210 1056 1274 tempore
1072 1209 1243 1258 natae.

119 1277 261 1331 Nam
277 1293 440 1350 genus
460 1278 559 1332 hoc
576 1277 701 1334 vivo
718 1278 826 1333 iam
845 1277 1168 1333 decrescebat
1184 1278 1421 1332 Homero.

120 1351 280 1406 Terra
299 1351 459 1407 malos
477 1351 718 1407 homiues
737 1369 882 1408 nunc
897 1352 1082 1407 educat
1105 1360 1263 1424 atque
1280 1350 1524 1424 pusillos.
1658 1361 1710 1404 7⁰

120 1426 267 1499 Ergo
285 1424 428 1491 deae,
451 1427 776 1498 quicumque
793 1427 1049 1499 adspexit,
1064 1427 1205 1498 ⁸ridet
1220 1434 1272 1483 et
1287 1425 1412 1483 odit.

194 1502 245 1556 A
264 1499 576 1557 deverticulo
592 1508 852 1574 repetatur
868 1502 1066 1559 fabula.
1127 1504 1412 1576 Postquam

122 1575 381 1631 subsidiis
393 1577 547 1642 aucti,
576 1594 696 1649 pars
719 1577 875 1633 altera
892 1595 1132 1650 promere
1149 1576 1349 1634 ferrum

122 1651 300 1715 audet,
321 1658 373 1706 et
394 1650 591 1707 infestis
611 1670 847 1726 pugnam
866 1654 1160 1709 instaurare
1179 1653 1412 1725 sagittis3
1673 1697 1682 1702 ‚

122 1733 270 1810 terga
287 1723 436 1795 fugae
451 1725 605 1782 celeri
623 1728 1008 1795 praestantibus
1026 1726 1297 1788 omnibuS,
1320 1726 1534 1787 instant,
1660 1734 1684 1776 7
1690 1734 1713 1777 5

122 1817 225 1872 qul
245 1797 421 1851 vicina
438 1796 610 1851 colunt
628 1798 906 1852 umbrosae
924 1800 1151 1869 Tentyra
1171 1796 1397 1866 palmae.
1416 1841 1421 1849 .

124 1872 350 1930 Labitur
373 1868 456 1924 hic
468 1870 705 1943 quidam,
729 1870 894 1926 nimia
910 1870 1192 1926 formidine
1209 1887 1426 1925 cursum

125 1945 494 2022 praecipitans,
541 1946 876 2018 capiturque:
948 1952 1029 2000 ast
1071 1944 1225 1999 illum
1276 1945 1333 2000 in
1377 1944 1605 2018 plurima

923 2027 1125 2076 sectum

130 2098 294 2154 frusta
311 2113 373 2150 ac
389 2095 681 2168 particulas,
706 2102 767 2151 ut
783 2092 966 2151 multis
984 2102 1225 2151 mortuus
1244 2111 1387 2153 unus

133 2172 406 2236 sufficeret,
430 2177 588 2227 totum
605 2172 829 2228 corrosis
847 2171 1057 2228 ossibus
1072 2170 1182 2226 edit
1663 2179 1713 2223 80

135 2248 321 2304 victrix
336 2246 515 2302 turba:
551 2266 648 2304 nec
666 2247 867 2308 ardenti
885 2247 1091 2304 decoxit
1107 2248 1239 2302 aeno

137 2331 223 2379 aut
251 2321 485 2380 verubus
501 2340 514 2392 ;
548 2322 768 2398 longum
794 2340 968 2397 usque
1004 2322 1133 2378 adeo
1164 2320 1482 2391 tardumque
1504 2335 1607 2391 pu-

534 2423 535 2428 *
921 2398 1054 2453 tavit
1158 2429 1162 2433 >

141 2477 428 2546 exspectare
445 2468 596 2537 socos,
620 2478 856 2527 contenta
880 2471 1131 2527 cadavere
1145 2468 1330 2524 crudo.

141 2549 228 2603 Hic
243 2546 472 2622 gaudere
496 2544 632 2612 libet,
657 2545 802 2619 quod
820 2563 928 2602 non
952 2544 1229 2603 violaverit
1247 2544 1442 2618 ignem,

142 2640 293 2697 quem
313 2638 524 2678 summa
540 2622 663 2679 coeli
682 2628 891 2693 raptum
906 2621 974 2677 de
991 2627 1136 2693 parte
1154 2618 1491 2676 Prometheus
1664 2628 1715 2671 85

143 2698 346 2755 donavit
364 2697 534 2754 terris.
585 2697 856 2753 Elemento
874 2695 1125 2771 gratulor,
1147 2702 1198 2750 et
1215 2702 1266 2749 te

144 2774 393 2830 exsultare
410 2788 544 2828 reor.
595 2772 698 2830 Sed
714 2772 812 2846 qui
827 2773 1072 2830 mordere
1090 2769 1323 2826 cadaver
