2209 3217
719 234 1010 280 sATIRA
1042 235 1135 280 111.
1602 232 1659 284 54

190 332 336 401 alter;
380 339 435 387 at
451 330 541 386 hic
554 331 595 385 ti
634 347 768 388 num
789 332 945 403 capiti
962 332 1165 397 incutit,
1186 332 1278 389 ille
1293 342 1583 392 metretam.

191 407 410 481 Pinguia
429 423 579 462 crura
622 414 740 473 ut03
783 405 962 478 planta
985 424 1111 462 mox
1128 407 1365 480 undique
1380 428 1573 485 magna

189 482 369 548 calcor,
391 482 517 536 etin
537 481 704 554 digito
722 480 904 537 clavus
928 482 1062 537 mihi
1082 481 1270 536 militis
1289 483 1481 540 haeret.

257 559 446 612 Nonne
464 556 635 620 vides,
660 563 858 628 quanto
877 556 1166 612 celebretur
1183 556 1420 629 sportula
1435 557 1616 615 fumo‘?

191 633 410 688 Centum
435 631 713 687 convivae:
754 633 996 704 sequitur
1013 650 1111 690 sua
1129 649 1401 705 quemque
1416 633 1604 690 culina.
1702 646 1781 688 25⁰

190 706 412 763 Corbulo
431 706 528 762 vix
544 705 697 762 ferret
713 714 786 762 tot
804 725 930 763 vasa
947 708 1201 781 ingentia,
1222 715 1297 763 tot
1315 725 1400 764 res

192 782 460 854 impositas
477 781 652 852 capiti,
676 799 811 854 quas
831 790 971 838 recto
993 784 1188 838 vertice
1205 791 1376 855 portat

188 856 433 912 servulus
449 855 651 921 infelix,
676 864 727 912 et
742 873 904 912 cursu
923 857 1141 913 ventilat
1159 859 1354 931 ignem.

186 930 509 988 Scinduntur
526 931 732 987 tunicae
751 939 948 987 sartae:
990 932 1147 988 modo
1165 933 1320 1007 longa
1339 940 1595 993 coruscat,

186 1023 389 1062 sarraco
406 1006 664 1072 veniente,
687 1006 849 1073 abies,
872 1014 1030 1079 atque
1049 1007 1208 1063 altera
1229 1009 1417 1079 pinum
1705 1015 1783 1061 255

186 1082 420 1155 plaustra
437 1080 656 1146 vehunt,
681 1089 869 1137 nutant
886 1081 1018 1138 altae
1035 1082 1339 1154 populoque
1359 1082 1649 1137 minantur.

184 1159 319 1212 Nam
345 1157 393 1211 si
411 1156 707 1228 procubuit,
731 1157 827 1228 qui
844 1174 975 1212 saxa
991 1158 1260 1229 Ligustica
1285 1164 1470 1229 portat,

184 1233 316 1297 axis,
341 1238 393 1287 et
410 1248 655 1286 eversum
673 1230 810 1305 fugit
827 1248 987 1303 super
1006 1232 1222 1305 agmina
1238 1240 1489 1297 montem,

184 1307 318 1381 quid
327 1314 564 1377 superest
571 1306 638 1361 de
644 1307 952 1376 corporibus
963 1305 1124 1378 ‘lquis
1133 1308 1387 1373 membra,
1405 1310 1529 1380 quis
1536 1325 1655 1363 ossa

182 1381 419 1438 invenit?
453 1380 720 1438 obtritum
740 1380 890 1455 vulgi
907 1382 1042 1453 perit
1057 1399 1214 1438 omne
1230 1382 1451 1439 cadaver
1703 1392 1782 1435 26⁰

182 1474 329 1512 more
347 1457 572 1511 animae.
636 1456 836 1512 Domus
856 1457 1049 1513 interea
1070 1474 1251 1513 secura
1271 1457 1485 1530 patellas

182 1535 288 1588 iam
318 1530 459 1587 lavat
479 1538 530 1586 et
545 1531 712 1588 bucca
728 1530 961 1587 foculum
984 1534 1192 1598 excitat,
1215 1542 1266 1588 et
1289 1542 1441 1590 sonat
1459 1535 1632 1589 unctis

180 1606 459 1681 striglibus
476 1613 528 1662 et
546 1606 702 1678 pleno
719 1607 985 1679 componit
1004 1607 1166 1663 lintea
1188 1616 1356 1681 gutto.

177 1684 316 1738 Haec
335 1681 469 1737 inter
493 1698 682 1753 pueros
700 1682 845 1736 varie
862 1689 1236 1753 properantur:
1280 1690 1332 1736 at
1351 1682 1438 1735 ille

177 1759 283 1813 iam
305 1756 453 1812 sedet
470 1755 528 1811 in
547 1754 660 1827 ripa
678 1762 979 1826 tetrumque
997 1756 1239 1810 novicius
1263 1755 1437 1809 horret
1705 1764 1782 1806 265

176 1832 474 1905 porthmea,
499 1845 595 1884 nec
610 1836 783 1898 sperat
798 1828 1005 1883 coenosi
1024 1827 1253 1900 gurgitis
1271 1827 1453 1882 alnum

179 1906 392 1969 infelix,
418 1919 517 1958 nec
538 1902 712 1966 habet,
737 1918 896 1973 quem
916 1902 1167 1975 porrigat,
1191 1919 1280 1956 ore
1300 1902 1556 1958 trientem.

246 1977 478 2051 Respice
495 1993 640 2032 nunc
656 1976 757 2032 alia
776 1993 838 2031 ac
852 1976 1057 2032 diversa
1077 1975 1309 2049 pericula
1327 1978 1521 2034 noetis:

174 2056 325 2131 quod
344 2053 574 2127 spatium
602 2052 749 2108 tectis
768 2051 1110 2119 sublimibus,
1139 2054 1279 2109 unde
1296 2055 1567 2112 cerebrum

173 2141 308 2188 testa
333 2129 480 2196 ferit;
522 2129 729 2202 quoties
747 2129 943 2184 rimosa
959 2136 1011 2184 et
1028 2131 1174 2185 curta
1194 2127 1434 2187 fenestris
1701 2142 1779 2184 270

174 2220 306 2262 vasa
331 2205 545 2272 cadant3
587 2212 787 2277 quanto
805 2221 1116 2276 percussum
1136 2206 1365 2277 pondere
1382 2209 1594 2280 signent

172 2290 225 2338 et
249 2281 464 2337 laedant
486 2279 709 2336 silicem.
769 2281 944 2336 Possis
960 2282 1190 2355 ignavus
1212 2282 1393 2337 haberi

171 2366 227 2413 et
242 2355 414 2413 subiti
432 2372 587 2410 casus
612 2354 962 2426 improvidus,
991 2356 1059 2411 ad
1076 2374 1292 2413 coenam
1313 2357 1359 2411 si

172 2434 457 2488 intestatus
474 2448 582 2486 eas.
641 2430 787 2486 Adeo
805 2438 879 2486 tot
896 2430 1019 2497 fata,
1042 2439 1172 2504 quot
1192 2430 1285 2486 illa

172 2515 331 2563 nocte
353 2513 531 2579 patent
547 2505 755 2581 vigiles,
782 2513 834 2559 te
856 2513 1231 2577 praetereunte,
1254 2504 1519 2560 fenestrae.
1700 2517 1776 2559 275

167 2584 321 2658 Ergo
337 2588 483 2657 optes
502 2588 794 2652 votumque
817 2578 953 2634 feras
972 2578 1273 2634 miserabile
1290 2588 1484 2645 tecum,

172 2665 232 2713 ut
245 2659 361 2714 sint
377 2662 647 2713 contentae
664 2652 873 2727 patulas
891 2652 1177 2709 defundere
1193 2653 1390 2726 pelves.

245 2733 450 2789 Ebrius
468 2748 531 2787 ac
542 2729 805 2802 petulans,
824 2727 921 2801 qui
940 2727 1152 2786 nullum
1172 2728 1302 2785 forte
1317 2730 1518 2792 cecidit,

1357 2822 1450 2877 132
