2209 3217
591 286 659 342 22
1150 291 1212 338 A.
1260 290 1520 338 PERsn

599 391 839 446 Vindicta
850 399 1127 460 postquam
1148 407 1293 446 meus
1309 409 1347 445 α
1359 399 1602 458 praetore
1618 395 1824 454 recessi,

593 481 690 518 cur
704 467 832 518 mihi
847 481 951 519 non
969 468 1141 528 liceat,
1161 469 1315 519 iussit
1333 469 1683 533 quodcumque
1700 467 1963 529 voluntas,

483 549 536 593 90
591 546 820 606 excepto,
843 545 893 593 si
912 542 1037 607 quid
1054 539 1265 594 Asa-surr
1277 541 1494 593 rubrica
1510 536 1741 593 vetavit?

666 612 833 675 Disce,
856 611 965 683 (sed
985 612 1063 664 ira
1082 611 1234 665 eadat
1250 628 1381 685 naso
1398 627 1699 684 rugosaque
1715 610 1925 685 sanna,)

594 685 725 740 dum
745 691 944 739 veteres
962 684 1110 738 avias
1128 684 1227 738 tibi
1245 684 1312 740 de
1328 685 1582 756 pulmone
1600 683 1809 754 revello.

594 761 713 815 Non
732 758 982 829 praetoris
998 765 1126 820 erat,
1149 759 1326 813 stultis
1345 759 1471 813 dare
1487 759 1666 813 tenuia
1686 773 1865 813 rerum

593 831 784 897 officia,
810 839 967 903 atque
984 849 1146 886 usum
1166 833 1379 904 rapidae
1396 834 1693 904 permittere
1710 831 1864 887 vitae.

485 917 537 961 95
592 906 909 963 Sambueam
929 906 1086 960 citius
1105 906 1275 961 caloni
1294 907 1555 978 aptaveris
1575 906 1699 960 alto.

594 980 705 1036 Stat
721 987 899 1035 contra
923 980 1070 1044 ratio,
1094 988 1147 1035 et
1161 988 1410 1036 secretam
1430 981 1616 1054 gannit
1634 980 1691 1034 in
1715 995 1928 1049 aurem;

597 1072 663 1110 ne
681 1055 832 1109 liceat
851 1053 1018 1109 facere
1037 1055 1111 1119 id,
1134 1055 1280 1126 quod
1298 1056 1422 1126 quis
1439 1053 1645 1110 vitiabit
1663 1052 1888 1126 agendo.

597 1128 812 1184 Publica
829 1127 916 1183 lex
934 1128 1216 1183 hominum
1238 1136 1529 1200 naturaque
1545 1127 1775 1181 continet
1792 1126 1895 1182 hoc
1911 1124 2020 1197 fas,

594 1211 656 1256 ut
673 1208 843 1256 teneat
859 1203 1046 1257 vetitos
1065 1202 1272 1257 inscitia
1295 1202 1483 1257 debilis
1503 1208 1669 1256 actus.

488 1286 567 1330 100
595 1275 765 1330 Diluis
785 1276 1131 1340 helleborum,
1155 1283 1294 1331 certo
1311 1292 1636 1348 compescere
1656 1280 1852 1345 puncto

596 1349 807 1404 nescius
826 1353 1085 1406 examen?
1128 1352 1277 1406 Vetat
1294 1350 1394 1405 hoc
1412 1358 1596 1405 natura
1615 1347 1884 1403 medendi.

598 1420 791 1478 Navim
811 1420 859 1476 si
878 1430 1056 1493 poscat
1073 1423 1179 1477 sibi
1199 1431 1481 1493 peronatus
1501 1430 1670 1478 arator

597 1494 800 1551 luciferi
817 1496 987 1560 rudis,
1014 1497 1271 1551 exclamet
1291 1497 1568 1562 Melicerta,
1597 1497 1795 1568 perisse

597 1569 820 1625 frontem
839 1569 906 1624 de
922 1570 1093 1624 rebus
1154 1571 1271 1624 Tibi
1292 1579 1429 1626 recto
1447 1573 1624 1626 vivere
1639 1570 1744 1624 talo

489 1655 567 1698 105
596 1661 682 1699 ars
699 1642 879 1698 dedit?
912 1651 963 1698 et
981 1644 1091 1698 veri
1112 1643 1336 1715 speciem
1357 1641 1662 1718 dignoscere
1683 1641 1860 1708 calles,

598 1736 668 1774 ne
683 1735 791 1791 qua
808 1717 1084 1773 subaerato
1100 1718 1418 1774 mendosum
1435 1720 1627 1775 tinniat
1649 1715 1812 1774 auro?

595 1809 841 1865 quaeque
870 1793 1138 1864 sequenda
1164 1793 1331 1849 forent
1358 1801 1408 1848 et
1435 1810 1573 1865 quae
1593 1790 1804 1848 vitanda
1828 1791 2096 1855 vicissim.

596 1867 689 1922 illa
708 1867 857 1939 prius
874 1874 1028 1933 creta,
1053 1883 1184 1923 mox
1198 1869 1325 1923 haec
1344 1869 1570 1922 carbone
1590 1862 1813 1922 notasti?

597 1958 654 1995 es
673 1941 912 1995 modicus
930 1941 1075 1995 voti‘?
1110 1959 1292 2013 presso
1310 1941 1454 1997 lare?
1488 1941 1660 1997 dulcis
1683 1936 1906 1995 amicis?

491 2026 569 2069 110
598 2015 704 2068 iam
725 2031 869 2068 nunc
886 2014 1202 2088 adstringaS‚
1226 2017 1333 2070 iam
1353 2032 1496 2070 nunc
1511 2015 1753 2089 granaria
1775 2011 1966 2067 laxes?

598 2088 763 2160 inque
786 2086 898 2146 luto
919 2088 1086 2142 fixum
1105 2090 1279 2159 possis
1298 2089 1661 2145 transcendere
1679 2103 1989 2154 nummum,

596 2179 694 2218 nec
708 2161 859 2235 gluto
876 2161 1085 2216 sorbere
1103 2162 1327 2219 salivam
1346 2162 1743 2219 Mercurialem?

597 2237 741 2291 Haec
758 2253 873 2290 mea
889 2245 1025 2299 sunt,
1051 2245 1210 2303 teneo,
1234 2255 1405 2309 quum
1424 2255 1544 2292 vere
1562 2238 1780 2302 dixeris.
1801 2250 1915 2297 esto

596 2309 836 2382 liberque
852 2325 913 2363 ac
932 2310 1160 2380 sapiens,
1183 2312 1510 2384 praetoribus
1529 2328 1589 2366 ac
1607 2313 1728 2366 Iove
1745 2314 1946 2371 dextro.

489 2394 568 2438 115
595 2383 690 2439 Sin
715 2392 792 2449 tu,
813 2401 982 2455 quum
1002 2383 1166 2440 fueris
1184 2393 1392 2441 nostrae
1407 2385 1587 2457 paullo
1606 2393 1726 2441 ante
1745 2388 1965 2456 farinae,

595 2458 897 2530 pelliculam
917 2466 1145 2535 veterem
1165 2462 1373 2525 retium,
1397 2467 1448 2515 et
1466 2460 1635 2515 fronte
1652 2460 1848 2531 politus

597 2539 823 2607 astutam
841 2532 1035 2603 vapido
1053 2551 1233 2589 servas
1257 2533 1361 2589 sub
1379 2542 1583 2606 pectore
1607 2534 1852 2605 vulpem:

596 2621 734 2676 quae
751 2605 997 2659 dederam
1016 2623 1196 2679 supra,
1221 2615 1413 2680 repeto,
1437 2607 1728 2679 funemque
1743 2610 1960 2668 reduco.

596 2678 683 2733 Nil
705 2677 801 2731 tibi
821 2683 1074 2735 concessit
1092 2683 1255 2750 rati03
1297 2682 1526 2755 digitum
1545 2699 1749 2739 exsere:
1790 2702 1994 2756 peccas.

490 2761 568 2806 120
595 2751 804 2825 Ecquid
822 2759 929 2806 tam
947 2769 1177 2824 parvum
1196 2755 1316 2812 est?
1350 2755 1447 2811 sed
1461 2755 1614 2811 nullo
1632 2759 1788 2814 thure
1806 2759 2012 2829 litabis.

2109 2647 2158 2690 1

2206 1057 2208 1208 l
