2209 3217
586 247 596 258 '
695 265 986 311 sA'rmA
1016 265 1111 311 tv..
1573 261 1638 313 55

154 373 243 421 aut
258 379 434 420 emere
451 360 682 428 auderet,
704 355 879 436 quum'
894 361 1049 435 plena
1064 379 1126 417 ea
1143 361 1294 418 litora
1307 366 1473 423 multo

153 439 375 495 delatore
393 436 598 493 forent?
632 438 857 510 dispersi
877 444 1127 509 protenus
1145 436 1293 510 algae

156 514 490 587 inquisitores
506 521 719 587 agerent
735 530 857 568 cum
876 512 1075 586 remige
1097 511 1261 578 nudo,

156 607 259 645 non
278 588 570 643 dubitaturi
590 587 876 661 fugitivum
894 588 1066 643 dicere
1082 588 1302 658 piscem,
1698 600 1749 643 5⁰

156 663 539 736 depastumque
557 662 653 719 diu
672 662 871 728 vivaria
891 662 1147 727 Caesaris,
1170 661 1296 718 inde

158 733 405 811 elapsum'
414 746 641 793 veterem
664 738 730 793 ad
749 738 1031 794 dominum,
1051 737 1238 794 debere
1258 736 1465 793 reverti.

157 813 359 886 Siquid
377 812 625 876 Palfurio,
647 814 695 867 si
711 813 977 869 credimus
995 812 1289 877 Armillato,

159 887 424 962 quidquid
438 888 780 959 conspicuum
800 887 1156 960 pulcrumque
1170 895 1248 943 est
1270 902 1498 959 aequore
1515 892 1638 951 toto,

158 978 238 1019 res
258 963 373 1017 fisci
394 971 490 1029 est,
513 963 838 1035 ubicumque
857 969 1018 1018 natat.
1073 957 1364 1020 Donabitur
1381 978 1525 1037 ergO,
1705 972 1754 1013 55

159 1056 223 1094 ne
239 1044 437 1110 pereat.
498 1038 610 1092 Iam
629 1036 825 1094 letifero
843 1036 1056 1094 cedente
1072 1037 1283 1109 pruinis
1589 1098 1595 1103 ,

158 1120 464 1178 auctumno,
486 1112 594 1167 iam
618 1120 933 1184 quartanam
958 1113 1294 1184 sperantibus
1311 1110 1502 1184 aegris,

159 1187 412 1256 stridebat
429 1186 676 1242 deformis
695 1187 904 1261 hyemS,
929 1186 1287 1258 praedamque
1305 1193 1563 1241 recentem

160 1262 425 1317 servabat:
465 1269 640 1317 tamen
660 1262 746 1316 hic
763 1269 1025 1333 properat,
1056 1260 1201 1317 velut
1217 1267 1399 1336 urgeat
1414 1260 1626 1318 Auster.

159 1338 335 1410 thue
353 1336 498 1392 lacus
517 1337 787 1401 suberant,
802 1337 914 1404 ubi,
938 1353 1268 1409 quamquam
1283 1336 1477 1402 diruta,
1491 1343 1666 1393 servat
1703 1345 1755 1389 60

160 1413 339 1487 ignem
357 1411 642 1467 Troianum
662 1419 714 1467 et
729 1412 939 1469 Vestam
958 1410 1080 1468 colit
1095 1411 1231 1467 Alba
1250 1411 1527 1479 minorem,

158 1486 361 1543 obstitit
376 1486 590 1544 intranti
609 1487 849 1543 miratrix
870 1487 1025 1543 turba
1041 1503 1345 1559 parumper.

161 1563 223 1619 Ut
235 1561 412 1627 cessit,
435 1560 574 1618 facili
591 1570 872 1633 patuerunt
886 1562 1098 1617 cardine
1117 1562 1321 1618 valvae.

157 1637 378 1693 Exclusi
395 1645 696 1707 exspectant
711 1638 943 1693 admissa
959 1638 1179 1709 opsonia
1199 1639 1394 1692 Patres.

158 1714 267 1767 Itur
286 1712 356 1767 ad
373 1711 625 1767 Atridam.
684 1713 822 1766 Tum
842 1712 1046 1773 Picens,
1066 1711 1272 1778 Accipe,
1294 1710 1448 1774 dixit,
1708 1719 1757 1761 65

156 1792 384 1857 privatis
400 1791 607 1841 maiora
629 1791 759 1855 [ocis
770 1805 787 1839 .·
825 1788 1046 1854 9enialis
1062 1788 1257 1852 agatur·-

159 1868 251 1918 iste
274 1867 420 1927 dics,·
457 1877 681 1927 propera
698 1862 1014 1916 stomachum
1033 1861 1225 1912 laxare
1240 1860 1455 1925 saqinis,

162 1947 206 1993 et
223 1947 322 1993 tua
339 1941 604 1989 servatum
628 1950 865 1989 consume
882 1937 940 1988 in
957 1935 1169 1987 saecula
1186 1934 1464 1987 rhombum.

68 2023 75 2030 ·
163 2014 272 2081 Ipse
295 2013 422 2078 capi
438 2011 629 2063 voluit.-
668 2012 795 2078 quid
811 2005 1084 2076 apertius?
1120 2007 1189 2062 Et
1211 2013 1384 2063 tamen
1403 2005 1483 2062 illi

159 2086 454 2161 surgebant
467 2082 673 2139 cristae.
734 2082 877 2138 Nihil
904 2090 1000 2146 eet,
1024 2084 1170 2157 quod
1187 2082 1393 2139 credere
1415 2082 1483 2139 de
1501 2101 1560 2138 se
1649 2147 1666 2164 ,
1708 2093 1760 2137 70

160 2179 266 2218 non
284 2159 472 2234 possit,
496 2176 668 2231 quum
690 2158 938 2215 laudatur
949 2161 1040 2215 Dis
1060 2176 1227 2233 aequa
1246 2166 1489 2231 potestas.

159 2236 263 2293 Sed
282 2236 461 2291 deerat
476 2235 607 2306 pisci
626 2234 832 2307 statinae
851 2252 1120 2292 mensura.
1177 2235 1443 2291 Vocantur

158 2329 286 2386 ergo
305 2312 364 2367 in
379 2309 660 2367 concilium
681 2327 936 2382 proceres,
962 2328 1098 2383 quos
1115 2308 1293 2365 oderat
1312 2309 1428 2377 ille;

158 2387 214 2443 in
235 2385 469 2459 quorum
493 2384 621 2442 facie
639 2385 860 2443 miserae
881 2401 1212 2459 magnaeque
1229 2384 1443 2440 sedebat

157 2461 333 2535 pallor
352 2460 628 2516 amicitiae.
686 2463 918 2525 Primus,
938 2460 1200 2518 clamante
1217 2458 1472 2521 Liburno,
1709 2468 1761 2511 75

166 2537 407 2593 Gamla!
442 2540 550 2592 iam
567 2536 727 2591 sedit!
764 2542 910 2605 rapta
929 2534 1239 2606 properabat
1257 2530 1427 2587 abolla

158 2614 417 2688 Pegasus,
445 2609 707 2665 adtonitas
722 2610 928 2680 positus
946 2608 1102 2665 modo
1121 2607 1333 2662 villicus
1353 2605 1513 2661 Urbi:

158 2687 321 2760 (anne
330 2685 478 2743 aliud
485 2682 864 2744 tuncPraefecti
872 2682 915 2756 ‘?)
926 2699 1156 2755 quorum
1168 2680 1400 2753 optimus
1410 2680 1497 2737 hic
1505 2687 1665 2753 atque
1691 2715 1694 2720 ·

159 2763 424 2835 interpres
437 2758 620 2835 legum
637 2758 1022 2824 sanctissimus,
1045 2756 1225 2814 omnia
1243 2772 1573 2830 quamquam
