2209 3217
751 293 1036 341 sA‘rIRA
1078 296 1145 341 X.
1590 293 1689 346 107

195 390 372 445 Prima
393 389 500 446 fere
527 400 645 448 vota
664 399 714 446 et
732 393 934 447 cunctis
954 393 1227 448 notissima
1243 396 1451 467 templis

194 465 431 531 divitiae,
455 474 689 522 crescant
707 474 926 539 inopes,
950 475 1011 523 ut
1029 468 1264 523 maxima
1280 476 1386 524 toto

194 548 376 596 nostra
394 541 464 596 sit
484 559 602 596 arca
621 541 751 597 foro.
807 542 910 598 Sed
926 542 1074 599 nulla
1092 544 1293 598 aconita
1312 543 1569 600 bibuntur

192 614 470 671 fictilibus,
529 617 677 671 Tunc
694 616 784 672 illa
803 618 946 684 time,
969 636 1142 691 quum
1160 617 1345 691 pocula
1364 637 1544 675 sumes

191 697 477 763 gemmata,
501 698 551 745 et
569 690 671 747 lato
687 692 925 748 Setinum
945 694 1148 749 ardebit
1166 695 1219 749 in
1242 710 1387 750 auro·

191 766 376 820 Iamne
392 765 556 839 igitur
579 765 780 832 laudas,
805 768 950 840 quod
966 768 1032 823 de
1051 769 1380 840 sapientibus
1398 768 1529 824 alter

190 838 418 905 ridebat,
439 840 642 912 quoties
661 860 691 896 a
711 842 897 898 limine
915 851 1147 898 moverat
1165 861 1337 899 unum

189 914 586 987 protuleratque
602 917 807 988 pedem,
831 916 985 973 flebat
1004 920 1296 977 contrarius
1314 917 1479 974 alter?

189 989 296 1045 Sed
314 988 482 1044 facilis
499 992 670 1047 cuivis
690 992 848 1065 rigidi
867 1010 1087 1049 censura
1104 994 1375 1049 cachinni:

188 1063 500 1120 mirandum
518 1073 615 1131 est,
638 1066 780 1121 unde
795 1065 885 1123 ille
903 1068 1069 1123 oculis
1087 1068 1346 1123 suffecerit
1360 1067 1572 1123 humor.

188 1140 449 1211 Perpetuo
467 1140 579 1196 risu
593 1141 901 1213 pulmonem
922 1144 1116 1217 agitare
1133 1141 1331 1198 solebat

186 1214 534 1281 DemocrituS‚
557 1234 885 1289 quamquam
903 1214 1010 1273 uon
1028 1225 1205 1273 essent
1220 1217 1445 1273 urbibus
1465 1216 1571 1272 illis

184 1296 454 1362 praetexta
477 1299 528 1345 et
544 1291 767 1356 trabeae,
790 1291 972 1358 fasces,
998 1291 1192 1357 lectica,
1215 1290 1468 1348 tribunal.

184 1364 350 1432 Quid,
380 1364 428 1419 si
451 1365 672 1421 vidisset
687 1367 979 1422 Psaetorem
998 1368 1054 1423 in
1076 1368 1320 1423 curribus
1340 1367 1459 1423 altis

185 1447 504 1506 exstantem,
529 1448 578 1495 et
596 1441 753 1496 medii
777 1442 1062 1498 sublimem
1083 1444 1139 1499 in'
1159 1443 1375 1515 pulvere
1392 1444 1547 1509 Circi,

184 1515 242 1570 in
266 1515 450 1570 tunica
466 1516 623 1583 Iovis,
647 1524 698 1572 et
714 1517 880 1590 pictae
895 1518 1118 1575 Sarrana
1133 1518 1384 1576 ferentem

184 1608 252 1646 ex
270 1590 511 1645 humeris
537 1591 715 1648 aulaea
734 1600 900 1667 togae,
925 1612 1252 1669 magnaeque
1268 1611 1487 1650 coronae

185 1671 394 1720 tautum
414 1666 614 1732 orbem,
636 1677 835 1738 quanto
851 1670 1031 1724 cervix
1050 1688 1157 1724 non
1176 1670 1371 1724 sufficit
1389 1667 1534 1722 ulla?

185 1740 400 1812 Quippe
417 1747 554 1794 tenet
573 1741 772 1795 sudans
790 1742 928 1796 hanc
945 1742 1213 1812 publicus,
1234 1750 1302 1806 et,
1327 1742 1433 1795 sibi
1449 1740 1647 1796 Consul

183 1830 248 1871 ne
263 1814 490 1888 placeat,
511 1829 671 1868 curru
688 1830 875 1868 servus
898 1822 1133 1884 portatur
1150 1814 1349 1869 eodem.

182 1891 256 1945 Da
274 1904 429 1945 nunc
445 1893 497 1942 et
513 1885 796 1952 volucrem,
821 1894 1021 1959 sceptro
1039 1906 1178 1961 quae
1195 1889 1367 1963 surgit
1384 1886 1603 1953 eburno,

181 1964 336 2022 illinc
352 1961 663 2025 cornicines,
684 1962 811 2017 hinc
826 1957 1182 2034 praecedentia
1208 1963 1351 2039 longi

183 2038 418 2114 agminis
437 2035 609 2093 officia
627 2045 678 2092 et
696 2037 876 2093 niveos
896 2038 963 2093 ad
979 2037 1126 2094 frena
1147 2039 1394 2107 Quirites,

183 2113 394 2170 defossa
413 2113 470 2168 in
492 2111 678 2168 loculis
696 2131 832 2186 quos
851 2115 1083 2186 sportula
1102 2114 1223 2171 fecit
1240 2116 1455 2171 amicos.

185 2190 338 2245 Tunc
363 2205 577 2261 quoque
594 2190 861 2245 materiam
882 2190 1025 2245 risus
1049 2191 1251 2248 invenit
1268 2191 1336 2247 ad
1354 2207 1537 2245 omnes

182 2281 435 2320 occursus
452 2264 750 2331 hominum,
772 2266 926 2326 cuius
942 2266 1220 2338 prudentia
1238 2272 1510 2331 monstrat,

183 2356 429 2394 summos
447 2355 604 2411 posse
618 2340 762 2396 viros
780 2349 830 2395 et
849 2359 1041 2415 magna
1060 2341 1302 2414 exempla
1320 2341 1536 2396 daturos

184 2431 468 2470 vervecum
488 2414 547 2469 in
568 2415 733 2487 patria
750 2432 1031 2488 crassoque
1047 2418 1152 2471 sub
1171 2420 1288 2472 ae‘re
1305 2416 1467 2471 nasci.

183 2488 407 2545 Ridebat
424 2506 594 2555 curas,
619 2507 714 2544 nec
730 2507 836 2544 non
855 2499 906 2544 et
924 2491 1118 2564 gaudia
1133 2491 1305 2565 vulgi,

183 2564 451 2620 interdum
470 2571 521 2620 et
540 2563 817 2629 lacrumas,
842 2580 1010 2636 quum
1037 2566 1299 2631 Fortunae
1315 2565 1428 2636 ipse
1445 2566 1638 2623 minaci

183 2639 459 2695 mandaret
476 2638 747 2713 laqueum,
771 2638 1115 2711 mediumque
1132 2640 1424 2696 ostenderet
1445 2659 1701 2722 unguem.

181 2715 325 2790 Ergo
342 2731 667 2786 supervacua
687 2721 779 2770 aut
794 2714 1083 2786 perniciosa
1106 2721 1375 2787 petuntur,
1671 2713 1684 2728 ⁰

183 2798 393 2864 propter
411 2807 549 2863 quae
563 2788 643 2846 fas
659 2796 738 2846 est
777 2808 950 2865 genua
977 2790 1208 2848 incerare
1224 2791 1455 2849 deorum.

1742 559 1795 602 25

1740 930 1789 973 3⁰

1736 1302 1788 1349 35

1733 1674 1786 1720 4⁰

1732 2430 1781 2473 5⁰

1731 2800 1779 2841 55
