2209 3217
488 249 553 302 '76
1015 257 1438 305 IUVENALIS

487 371 582 426 pro
599 354 797 408 cithara
816 353 990 410 velare
1006 364 1190 428 caput}
1232 356 1526 428 dictataque
1543 357 1704 411 verba

485 426 720 500 protulit,
744 434 805 483 ut
822 445 939 483 mos
957 437 1055 493 est,
1078 439 1130 485 et
1148 437 1321 502 aperta
1341 430 1530 500 palluit
1547 446 1704 504 agna.

487 502 580 557 Dic
597 502 733 556 mihi
751 519 911 566 nunc,
936 520 1150 574 quaeso,
1173 504 1277 569 dic,
1307 504 1676 575 antiquissime
1691 505 1914 573 Divum,

488 575 771 647 respondes
789 576 894 641 his,
916 577 1039 631 Iane
1055 576 1239 648 pater?
1282 577 1472 650 Magna
1497 577 1605 633 otia
1621 578 1779 634 coeli:

377 659 458 704 895
485 667 591 706 non
610 658 706 713 est,
730 656 791 705 ut
807 651 978 715 video,
999 667 1107 705 non
1126 657 1221 713 est,
1245 650 1389 722 quod
1408 659 1595 724 agatur
1611 651 1753 724 apud
1779 670 1895 709 vos,

487 726 623 781 Haec
639 724 708 780 de
724 723 985 779 comoedis
1004 731 1056 778 te
1070 724 1325 792 consulit3
1367 723 1456 779 illa
1474 726 1783 799 tragoedum

488 798 854 855 commendare
870 797 1033 853 volet:
1074 799 1346 853 varicosus
1373 798 1461 853 flet
1477 798 1766 871 haruspex.

561 873 665 929 Sed
682 880 851 927 cantet
873 874 1069 944 potiuS‚
1098 890 1262 945 quam
1282 881 1443 928 totam
1464 873 1695 945 pervolet
1717 876 1906 932 urbem

487 948 680 1014 audax,
702 954 752 1002 et
770 954 944 1002 coetus
963 948 1130 1018 possit
1146 965 1310 1019 quam
1329 946 1463 1002 ferre
1488 948 1743 1014 virorum,

379 1028 459 1074 too
488 1039 718 1095 cumque
741 1020 1003 1093 paludatis
1021 1020 1248 1077 ducibus
1266 1030 1536 1093 praesente
1552 1024 1743 1078 marito

489 1098 604 1168 ipsa
622 1097 770 1169 loqui
786 1104 922 1152 recta
941 1095 1071 1150 facie
1088 1097 1388 1168 strictisque
1405 1095 1680 1151 mamillis.
1818 1097 1824 1103 ’

486 1172 624 1225 Haec
640 1170 822 1226 eadem
847 1171 1010 1234 novit,
1032 1171 1166 1243 quid
1186 1178 1289 1225 tato
1309 1170 1398 1225 fiat
1418 1170 1473 1224 in
1490 1170 1645 1238 orbe;

488 1243 622 1316 quid
640 1244 813 1306 Seres,
833 1245 966 1316 quid
987 1244 1214 1300 Thraces
1241 1253 1425 1318 agant:
1467 1253 1661 1300 secreta
1683 1261 1938 1303 novercae

487 1326 537 1373 et
554 1319 731 1390 pueri:
773 1319 897 1390 quis
914 1326 1070 1384 amet,
1096 1321 1221 1391 quis
1240 1319 1530 1391 decipiatur
1553 1318 1771 1375 adulter.

379 1399 458 1446 405
485 1393 647 1456 Dicet,
671 1392 794 1464 quis
815 1391 1033 1446 viduam
1052 1401 1428 1466 praegnantem
1447 1392 1640 1460 fecerit,
1665 1403 1715 1449 et
1739 1412 1849 1467 quo

400 1523 405 1538 ,
487 1483 687 1532 mense,
719 1465 921 1537 quibus
953 1465 1132 1520 verbis
1168 1467 1482 1522 concumbat
1507 1486 1751 1543 quaeque
1763 1512 1776 1535 ,
1808 1471 1985 1527 modis

1325 1549 1436 1597 uot.

488 1615 775 1668 Instantem
794 1612 905 1687 regi
924 1613 1176 1669 Armenio
1197 1557 1494 1689 Par‘tlhoque
1509 1626 1744 1674 cometen

487 1688 661 1759 prima
679 1688 846 1756 videt3
889 1688 1084 1743 famam
1105 1708 1450 1764 rumoresque
1466 1690 1557 1746 illa
1576 1700 1805 1747 recentes

487 1763 680 1836 excipit
700 1762 767 1818 ad
783 1771 988 1835 portas:
1027 1765 1287 1836 quosdam
1316 1765 1458 1821 facit.
1515 1768 1625 1822 Isse
1642 1767 1926 1839 Niphatem

380 1845 459 1892 410
489 1840 545 1893 in
567 1838 807 1910 populos,
832 1855 1135 1914 magnoque
1152 1840 1261 1896 illic
1276 1848 1462 1896 cuncta
1485 1856 1610 1896 arva
1628 1843 1792 1897 teneri

488 1912 710 1978 diluvio,
741 1921 927 1969 nutare
945 1915 1123 1981 urbes,
1153 1916 1428 1971 subsidere
1445 1924 1626 1980 terras,

487 2003 827 2059 quocumque
854 1989 911 2043 in
938 1990 1117 2056 trivio,
1150 1991 1468 2061 cuicumque
1486 1995 1566 2042 est
1587 1988 1762 2051 obvia,
1786 1999 1982 2046 narrat

562 2062 671 2117 Nec
697 2068 871 2119 tamen
906 2063 964 2120 id
991 2064 1183 2120 vitium
1215 2059 1740 2189 magisogntolerabile
1754 2101 1768 2124 ‚
1810 2078 1983 2134 quam

1331 2152 1367 2189 u

486 2209 689 2266 vicinos
706 2210 937 2266 humiles
956 2228 1137 2283 rapere
1152 2217 1203 2264 et
1218 2153 1487 2263 corilcidere
1503 2206 1631 2262 loris

379 2291 459 2338 415
486 2291 694 2340 exorata
711 2284 856 2340 solet.
912 2286 1050 2339 Nam
1067 2285 1116 2339 si
1135 2283 1409 2338 latratibus
1426 2280 1516 2337 alti

487 2363 812 2431 rumpuntur
826 2359 1002 2413 somni
1015 2376 1030 2427 3
1069 2358 1255 2414 Fustes
1270 2361 1372 2413 huc
1390 2362 1553 2422 ocius,
1577 2357 1632 2413 in
1672 2359 1770 2424 uit,
1821 2364 1836 2378 “

488 2436 702 2503 afferte!
738 2431 1025 2505 atqueillis
1041 2432 1320 2488 dominum
1334 2433 1484 2488 iubet
1501 2440 1622 2488 ante
1660 2433 1803 2500 eriri,

487 2504 678 2561 deinde
694 2524 899 2564 canem.
956 2507 1148 2565 Gravis
1171 2524 1410 2574 occursu,
1438 2508 1700 2564 teterrima
1719 2507 1871 2564 vultu

487 2576 673 2633 balnea
699 2587 847 2636 nocte
863 2582 1035 2652 subit;
1077 2584 1303 2639 conchas
1326 2592 1378 2639 et
1392 2590 1559 2639 castra
1578 2583 1780 2638 moveri

379 2657 460 2705 420
486 2651 826 2716 noetejubei,
870 2672 1065 2729 magno
1083 2658 1281 2732 gaudet
1296 2658 1488 2714 sudare
1506 2657 1760 2720 tumultu,

488 2739 661 2796 quum
680 2722 870 2779 lassata
884 2732 1035 2800 gravi
1053 2732 1353 2788 ceciderunt
1368 2732 1582 2788 brachia
1603 2748 1793 2793 massa,
