2209 3217
717 254 1005 301 sATmA
1048 255 1093 323 ι,
1577 251 1642 301 35

142 352 515 426 paulatimque
533 350 708 408 anima
728 350 1004 408 caluerunt
1016 351 1145 407 moll
1154 352 1199 406 ia
1220 369 1346 409 saxa

145 438 196 483 et
210 427 456 483 maribus
475 425 648 480 nudas
666 426 892 480 ostendit
910 427 1112 500 Pyrrha
1137 425 1358 497 puellas,

147 500 419 574 quidquid
430 509 597 573 agunt
604 500 864 564 homines,
880 508 1004 556 votu
1011 519 1083 566 m,
1096 501 1273 568 timor,
1287 500 1382 563 ira,
1397 501 1655 572 voluptas,
1699 512 1750 554 85

147 576 360 649 gaudia,
387 574 684 637 discursus,
714 574 878 630 nostri
896 583 975 629 est
995 575 1203 647 farrago
1223 573 1410 629 libelli.

150 651 217 704 Et
232 648 451 724 quando
470 647 681 703 uberior
697 649 946 702 vitiorum
972 649 1158 720 eopia?
1193 649 1408 720 quando

152 725 316 778 maior
335 723 585 777 avaritiae
603 722 772 791 patuit
788 722 982 776 sinus?
1017 724 1128 778 alea
1148 723 1364 794 quando

151 798 246 852 hos
265 795 511 851 animos?
546 797 731 867 Neque
753 796 894 849 enim
917 796 1102 851 loculis
1120 795 1494 852 eomitantibus
1515 796 1620 848 itur

154 872 218 927 ad
236 887 424 925 casum
441 869 670 933 tabulae,
694 871 863 939 posita
883 870 976 925 sed
994 870 1197 927 luditur
1215 888 1346 925 arca.
1699 880 1751 921 90

152 945 352 1001 Proelia
373 951 570 1015 quanta
591 943 703 997 illie
719 942 1075 1014 dispensatore
1093 945 1300 999 videbis

152 1019 440 1092 armigero!
482 1018 787 1088 Simplexne
812 1016 975 1083 furor,
1001 1020 1235 1073 sestertia
1261 1026 1474 1076 centum

151 1094 383 1167 perdere,
410 1099 461 1146 et
472 1092 709 1146 ‘horrenti
729 1093 962 1147 tunicam
981 1110 1087 1147 non
1112 1092 1325 1146 reddere
1345 1091 1539 1146 servo?

151 1169 281 1235 Quis
303 1166 522 1221 totidem
541 1167 707 1220 erexit
723 1166 919 1220 villas?
955 1168 1079 1238 quis
1099 1165 1293 1221 fereula
1312 1174 1510 1236 septem

150 1250 346 1298 secreto
363 1239 600 1296 coenavit
618 1238 793 1295 avus?
824 1242 979 1296 Nune
999 1239 1231 1311 sportula
1249 1241 1423 1311 primo
1703 1247 1754 1291 95

152 1317 339 1372 limine
363 1332 527 1386 parva
545 1314 708 1380 sedet,
730 1316 916 1369 turbae
932 1314 1183 1387 rapienda
1205 1323 1422 1388 togatae.

152 1391 242 1447 Ille
261 1399 440 1445 tamen
462 1388 646 1444 faeiem
664 1389 815 1461 prius
839 1390 1051 1462 inspicit
1066 1398 1118 1445 et
1134 1389 1373 1461 trepidat,
1398 1407 1465 1445 ne

151 1465 461 1537 suppositus
480 1464 665 1530 venias
679 1481 740 1519 ao
762 1462 895 1519 falso
913 1466 1126 1520 nomine
1145 1482 1347 1537 poscas,

153 1539 383 1612 Agnitus
403 1538 640 1608 accipies.
701 1539 851 1593 Iubet
870 1556 899 1593 a
924 1554 1177 1609 praeeone
1195 1540 1370 1594 vocari

154 1614 294 1686 ipsos
316 1612 668 1685 Troiugenas:
711 1630 836 1667 nam
854 1621 1049 1668 vexant
1068 1614 1230 1667 limen
1249 1621 1300 1667 et
1319 1613 1420 1683 ipsi
1677 1620 1755 1661 100

151 1689 458 1743 nobiseum.
535 1687 621 1740 Da
635 1692 889 1753 praetori,
912 1692 984 1741 da
1001 1691 1186 1741 deinde
1205 1687 1441 1740 tribuno!

153 1762 252 1816 Sed
268 1759 555 1815 libertinus
573 1760 718 1828 prior
741 1767 839 1813 est.
881 1761 1052 1821 Prior,
1077 1759 1271 1828 inquit,
1297 1775 1388 1825 090
1406 1762 1610 1811 adsum.

157 1836 260 1891 Cur
280 1841 495 1890 timeam
510 1836 792 1885 dubitemve
815 1836 981 1886 locum
999 1836 1285 1901 defendere,
1309 1835 1550 1899 ‘quamv-is*

151 1920 304 1965 natue
324 1912 400 1963 ad
420 1905 738 1973 Euphraten,
776 1909 954 1960 molles
973 1910 1111 1975 quod
1126 1911 1184 1960 in
1201 1923 1331 1962 aare
1347 1910 1601 1975 fenestrae

151 1989 444 2054 arquerint.
473 1983 594 2033 lieet
611 1984 719 2047 ipse
735 1977 950 2049 nedem?
987 1980 1095 2036 Sed
1116 1985 1339 2050 quinque
1359 1984 1610 2036 tabernae·
1678 1991 1755 2033 105

152 2062 538 2128 quadrinqenta
549 2064 762 2126 param.
845 2056 983 2121 Quid
1004 2061 1199 2126 confert
1211 2073 1455 2124 purpura
1471 2062 1643 2110 maior

152 2135 451 2201 optandum,
474 2134 524 2183 ei
540 2130 795 2184 Laurenti
821 2135 1041 2185 custodit
1059 2136 1118 2185 in
1137 2148 1270 2200 αρνο
1375 2174 1380 2178 .

152 2211 436 2261 conductas
460 2203 712 2265 Corvinus
731 2203 885 2260 oves?
923 2206 1031 2274 Eyo
1049 2210 1289 2274 possideo
1304 2210 1425 2274 plus

151 2281 392 2335 Pallante
412 2287 460 2332 et
477 2279 691 2334 Licinis.
749 2280 1065 2349 Exspectent
1082 2296 1207 2352 ergo
1226 2280 1427 2333 tribuni
1443 2297 1455 2344 3

151 2355 368 2409 vincant
385 2353 600 2408 divitiae
619 2370 630 2417 3
671 2370 819 2410 sacro
837 2370 932 2408 nec
947 2354 1097 2408 cedat
1115 2354 1321 2418 honori,
1677 2362 1755 2403 110

153 2446 323 2500 nuper
340 2428 399 2482 in
421 2427 556 2481 hane
573 2427 760 2481 urbem
784 2428 1009 2498 pedibus
1028 2428 1125 2498 qui
1142 2431 1357 2481 venerat
1375 2424 1512 2479 albis
1529 2446 1542 2486 ;

153 2500 591 2575 quandoquidem
608 2501 742 2555 inter
763 2518 859 2555 nos
878 2502 1209 2555 sanctissima
1230 2499 1545 2554 Divitiarum

151 2579 428 2632 maiestas:
469 2575 567 2629 etsi
587 2573 795 2628 funesta
814 2575 1039 2629 Pecunia
1057 2573 1254 2646 templo

153 2653 391 2707 nondum
411 2649 636 2711 habitas,
667 2648 843 2703 nullas
865 2664 1208 2703 nummorum
1234 2649 1498 2703 ereximus
1522 2664 1657 2709 arae,

154 2735 208 2782 ut
224 2726 419 2782 colitur
440 2726 550 2779 Pax
571 2730 729 2796 atque
746 2722 918 2787 Fides,
941 2722 1186 2788 Victoria,
1213 2724 1409 2786 virtue,
1679 2728 1756 2769 115

1334 2814 1426 2867 C2
