2209 3217
709 210 995 256 SATIRA
1028 210 1165 258 mv.
1585 207 1681 258 443

185 311 431 366 sestInare
451 306 634 363 iubet?
668 306 936 363 Meliorem
955 315 1161 379 praesto
1177 309 1433 381 magistro

185 382 531 456 discipulum.
591 382 818 438 Securus
836 382 953 436 abi:
994 382 1241 446 vinceris,
1265 390 1326 437 ut
1345 384 1480 440 Aiax

185 459 452 532 praeteriit
470 456 827 521 Telamonem,
850 463 911 511 ut
929 456 1081 512 Pelea
1099 457 1227 511 vicit
1244 455 1497 514 Achilles.
1521 521 1530 528 „

185 532 515 590 Parcendum
549 539 630 587 est
665 531 886 588 teneris:
955 531 1197 661 nourlllum
1237 530 1523 603 implevere
1565 552 1680 591 me·-

994 606 1072 661 du
1114 624 1173 661 as
1715 621 1793 664 215

186 690 409 739 naturae
426 679 565 736 mala
586 679 865 752 nequitiae.
928 680 1114 747 Quum
1133 687 1337 753 pectere
1353 680 1575 737 barbam

183 757 413 829 coeperit
429 763 481 810 et
497 754 641 827 longi
662 772 969 811 mucronem
995 755 1267 811 admittere
1285 755 1461 821 cultri,

182 831 353 887 falsus
372 830 471 884 erit
491 831 656 894 testie,
679 829 870 885 vendet
888 830 1117 900 periuria
1135 847 1349 886 summa

183 907 401 979 exigua,
424 904 626 960 Cereris
645 911 868 976 tangens
888 921 1141 975 aramque
1159 905 1468 977 pedemque.

183 981 394 1036 Elatam
413 979 521 1034 iam
539 978 691 1034 crede
716 996 935 1044 nurum,
959 979 1007 1033 si
1025 978 1213 1035 limina
1234 986 1408 1034 vestra
1716 993 1794 1036 220

183 1052 451 1110 mortifera
470 1070 594 1108 cum
620 1051 740 1107 dote
756 1052 921 1108 subit.
981 1052 1190 1119 Quibus
1211 1052 1301 1108 illa
1319 1062 1586 1126 premetur

183 1147 280 1202 per
299 1145 554 1184 somnum
574 1127 786 1201 digitis!
827 1128 965 1182 Nam
982 1145 1123 1199 quae
1143 1135 1382 1199 terraque
1401 1129 1644 1202 marique

181 1201 504 1276 acquirenda
522 1209 695 1275 putes,
719 1202 929 1257 brevior
946 1202 1034 1257 via
1053 1200 1281 1257 conferet
1297 1201 1404 1258 illi:
1435 1266 1438 1269 ,

184 1277 373 1335 nullus
401 1278 546 1333 enim
572 1277 755 1350 magni
784 1275 995 1332 sceleris
1023 1275 1187 1331 labor,
1252 1277 1395 1333 Haec
1420 1295 1511 1348 eqo
1535 1296 1684 1333 num-

999 1368 1160 1420 quem

182 1432 450 1490 mandavi,
471 1425 614 1481 dices
633 1422 782 1490 olim,
806 1442 901 1481 nec
919 1428 1053 1481 talia
1069 1431 1237 1481 wast.
1716 1437 1793 1480 225

182 1502 377 1558 Mentis
395 1518 554 1557 causa
573 1498 743 1556 malae
760 1507 936 1556 tamen
955 1507 1036 1556 est
1053 1508 1104 1555 et
1122 1501 1270 1575 origo
1283 1517 1448 1573 penes
1471 1512 1541 1557 te.

182 1579 324 1632 Nam
345 1575 593 1648 quisquis
611 1576 794 1650 magni
813 1593 1006 1632 census
1025 1577 1285 1648 praecepit
1304 1594 1557 1642 amorem,

181 1660 235 1722 et
259 1651 408 1705 laevo
426 1652 627 1706 monitu
648 1667 839 1719 pueros
857 1650 1097 1720 producit
1117 1667 1321 1715 avaros,

180 1724 259 1856 get
278 1723 375 1793 qui
396 1738 483 1791 per
505 1721 715 1776 frendes
734 1723 1049 1791 patrimonia
1062 1720 1454 1795 conduplicare]

222 1805 277 1854 at
297 1795 589 1851 libertatem
607 1801 658 1849 et
678 1801 813 1848 totas
829 1794 1014 1849 effudit
1031 1793 1267 1848 habenas
1714 1806 1793 1848 230

183 1868 480 1930 curriculo:
522 1884 685 1941 quem
706 1867 754 1922 si
773 1884 1001 1933 revoces,
1022 1866 1315 1922 subsistere
1335 1868 1521 1923 nescit,

184 1956 236 2004 et
252 1954 307 2002 te
323 1951 585 2000 contemto
609 1943 828 2014 rapitur,
850 1942 1113 2014 metisque
1129 1940 1342 1996 relictis.

185 2025 357 2080 Nemo
374 2019 502 2074 satis
517 2018 684 2073 credit
699 2024 906 2073 tantum
923 2017 1250 2090 delinquere,
1273 2022 1531 2088 quantum

185 2095 490 2171 permittas:
532 2093 661 2150 adeo
678 2091 957 2167 indulgent
974 2092 1082 2148 sibi
1100 2091 1259 2147 latius
1283 2092 1403 2164 ipsi.

186 2173 372 2240 Quum
395 2169 528 2226 dicis
546 2169 728 2225 iuveni
746 2168 991 2234 stultum,
1014 2168 1111 2241 qui
1135 2167 1293 2223 donet
1311 2167 1495 2233 emico,
1716 2175 1794 2219 235

187 2247 284 2320 qui
304 2251 662 2318 paupertatem
680 2243 816 2301 levet
836 2243 1146 2315 attollatque
1168 2240 1484 2315 propinqui:

185 2330 238 2378 et
258 2319 487 2393 spoliare
502 2318 674 2384 doces,
699 2327 752 2374 et
769 2318 1218 2382 circumscribere,
1247 2323 1300 2371 et
1316 2316 1464 2369 omni

185 2396 412 2452 crimine
429 2393 643 2449 divitias
665 2394 953 2465 acquirere,
978 2408 1211 2465 quarum
1227 2405 1378 2445 amor
1397 2389 1456 2446 in
1473 2395 1527 2443 te
1544 2397 1641 2455 est,

188 2477 426 2544 quantus
444 2476 555 2524 erat
573 2468 771 2541 patriae
787 2468 1067 2524 Deciorum
1085 2467 1143 2522 in
1162 2471 1383 2537 pectore,
1404 2472 1666 2537 quantum

187 2545 379 2601 dilexit
395 2543 621 2608 Thebas,
645 2542 692 2598 si
710 2541 925 2598 Graecia
944 2559 1084 2605 vers,
1106 2541 1439 2596 Menoeceus:
1716 2546 1796 2593 240

189 2622 247 2677 in
272 2636 507 2693 quarum
525 2617 688 2676 sulcis
714 2616 948 2691 legiones
971 2615 1222 2673 dentibus
1233 2614 1430 2689 anguis

187 2713 314 2753 cum
332 2693 536 2768 clypeis
554 2700 843 2749 nascuntur
859 2700 911 2747 et
924 2690 1139 2747 horrida
1158 2688 1296 2746 bella
1313 2698 1594 2763 capessunt
