2209 3217
40 2689 43 2728 t

40 2731 41 2760 i

136 620 209 685 A.
316 615 864 683 PER-811
969 618 1570 686 FLACCI

422 783 519 827 An
561 781 877 832 SATIRAS
908 785 1304 831 PROLOGUS.

347 914 473 981 Nec
490 923 629 980 fonte
653 922 799 979 labra
823 923 996 996 prolui
1022 925 1297 992 cabellian,

276 1000 447 1055 necin
466 999 666 1072 bicipiti
686 1000 973 1054 somniasse
994 1001 1221 1056 Parnaso

272 1073 513 1137 memini,
534 1082 594 1128 ut
612 1081 819 1145 repente
833 1075 911 1128 sic
928 1083 1074 1145 poeta
1090 1075 1381 1145 prodirem:

272 1148 706 1219 Heliconidasque
723 1148 1078 1222 pallidamque
1095 1149 1313 1205 Pirenen

273 1222 382 1278 illis
408 1221 666 1294 relinquo,
698 1239 926 1295 quorum
942 1223 1199 1296 imagines
1218 1223 1457 1280 lambunt

271 1296 494 1353 hederae
509 1314 783 1369 sequaces:
825 1297 938 1367 ipse
961 1298 1329 1371 semipaganus

272 1372 342 1427 ad
361 1388 505 1426 sacra
524 1379 706 1426 vatum
723 1387 928 1426 carmen
956 1371 1111 1427 affero
1135 1382 1389 1428 nostrum.

271 1445 407 1533 Quis
425 1445 690 1517 expedivit
705 1446 922 1520 psittaco
940 1464 1099 1501 suum
1123 1453 1306 1522 Χαῖρε,

269 1522 526 1593 picesque
540 1520 716 1575 docuit
734 1528 909 1576 nostra
929 1521 1085 1577 verba
1104 1522 1315 1577 conari?

266 1596 517 1669 Magister
536 1596 659 1649 artis
678 1596 964 1669 ingenique
983 1594 1215 1670 largitor,

267 1678 467 1734 venter,
479 1678 704 1756 negatas
721 1669 902 1726 artifex
924 1672 1074 1742 sequi
1092 1688 1263 1726 voces,

271 1743 427 1812 Quod
446 1743 492 1798 si
511 1743 676 1799 dolosi
695 1761 815 1817 spes
840 1743 1099 1799 refulserit
1117 1745 1344 1808 nummi,

272 1834 458 1874 corvos
477 1828 653 1890 poetas
672 1827 722 1873 et
743 1819 966 1890 poetriae
987 1821 1131 1889 picas

271 1901 478 1948 cantare
497 1892 679 1948 credas
696 1893 1005 1966 Pegaseium
1029 1898 1222 1947 nectar.

255 2121 851 2180 SATIRA
953 2121 1475 2181 PRIMA.

130 2384 210 2423 AR
222 2387 276 2425 G.
302 2387 368 2423 De
388 2384 557 2435 satyrica
576 2385 705 2435 poesi,
732 2392 772 2424 et
787 2387 836 2424 de
850 2384 963 2435 poe-i
996 2383 1041 2424 in
1060 2384 1309 2430 universum,
1338 2384 1619 2437 scribendique

183 2448 321 2488 undio
339 2450 405 2488 vel
421 2459 548 2498 pravo
562 2450 626 2487 vel
643 2455 768 2494 recto,
781 2446 960 2487 Neroni·
978 2447 1177 2499 imprimi·
1191 2447 1371 2487 vanitate
1389 2448 1534 2485 derisa.

200 2521 262 2585 Ο
290 2546 448 2586 curas
472 2530 777 2587 hominum!
817 2547 851 2587 o
869 2540 1131 2604 quantum
1148 2532 1299 2587 estin
1320 2531 1478 2587 rebus
1499 2532 1616 2588 ina-

130 2677 258 2743 Quis
291 2683 422 2750 leqet
439 2679 604 2735 haec?
622 2710 698 2721 —
724 2679 835 2734 Min
854 2688 912 2734 tu
930 2608 1210 2808 {alid-anis?
1245 2680 1410 2807 Ne?mo
1427 2680 1614 2734 hercu-

967 2770 996 2808 e
1045 2783 1122 2794 —
1191 2771 1298 2809 emo
1356 2782 1432 2795 —-

1661 1604 1712 1646 10
