2209 3217
725 276 1020 322 sA'rIRA
1054 276 1171 324 ΧΠ.
1592 275 1692 331 427

193 373 297 428 Iam
317 383 589 445 sequar,et
605 390 770 438 sacro,
795 373 941 446 quod
958 381 1201 444 praestat,
1225 376 1321 431 rite
1338 387 1559 449 peracto,

195 448 314 503 inde
334 447 559 504 domum
581 455 832 520 repetam,
854 447 1076 521 graciles
1095 449 1192 504 ubi
1216 466 1378 520 parva
1396 469 1612 510 coronas

195 522 458 594 accipiunt
472 521 650 596 fragili
669 522 952 578 simulacra
971 522 1191 592 nitentia
1208 539 1341 578 cera.
1638 544 1643 547 ·

193 598 288 652 Hic
306 604 549 653 nostrum
567 596 784 669 placabo
800 599 996 660 Iovem,
1019 597 1355 669 Laribusque
1370 602 1601 669 paternis

194 672 348 727 thura
368 671 523 737 dabo,
547 679 706 745 atque
722 690 907 728 omnes
925 671 1094 727 violae
1117 672 1318 728 iactabo
1336 672 1553 731 colores.
1744 688 1796 731 90

193 746 393 802 Cuncta
413 746 607 802 nitent:
647 747 834 822 longos
854 747 1020 802 erexit
1042 747 1204 802 ianua
1222 764 1416 814 ramea,

193 828 244 876 et
261 821 536 876 matutinis
555 830 799 894 operatur
817 821 944 877 festa
964 821 1213 877 lucernis,

266 897 375 950 Nec
394 904 634 968 suspecta
651 897 750 951 tibi
769 897 877 951 sint
901 896 1047 962 haec,
1077 896 1322 953 Corvine.
1381 895 1641 961 Catullus,

192 987 288 1042 pro
304 970 458 1025 cuius
484 971 654 1026 reditu
676 978 747 1026 tot
764 988 904 1042 pono
922 969 1120 1035 altaria,
1141 972 1334 1043 parvos

194 1053 299 1098 tres
317 1044 476 1099 babet
493 1045 724 1101 heredes.
782 1046 935 1101 Libet
952 1053 1269 1118 exspectare,
1294 1044 1419 1118 quis
1438 1061 1648 1119 aegram
1744 1056 1795 1100 95

192 1125 244 1173 et
260 1116 587 1176 claudentem
605 1119 785 1176 oculos
803 1120 1058 1194 gallinam
1080 1120 1341 1192 impendit
1357 1121 1529 1175 amico

191 1200 298 1248 tam
318 1193 499 1249 sterili.
523 1195 719 1250 Verum
741 1195 869 1250 haec
885 1196 1143 1250 nimiaest
1155 1195 1422 1266 impensa:
1441 1202 1687 1250 coturnnx

191 1266 342 1322 nulla
361 1285 602 1340 unquam
621 1286 717 1341 pro
734 1277 881 1341 patre
898 1269 1065 1324 cadet.
1123 1268 1327 1324 Sentire
1342 1268 1566 1326 calorem

189 1342 238 1397 si
258 1342 428 1413 eoepit
445 1341 676 1414 locuples
699 1342 892 1398 Gallita
912 1351 963 1398 et
980 1344 1198 1398 Paccius
1217 1344 1352 1409 orbi,

188 1415 425 1489 legitime
444 1417 567 1471 fixis
591 1418 814 1472 vestitur
831 1423 935 1472 tota
953 1417 1164 1473 tabellis
1717 1430 1793 1471 100

186 1490 449 1562 porticus:
489 1491 768 1557 exsistunt,
792 1492 888 1566 qui
913 1492 1229 1565 promittunt
1245 1491 1604 1557 hecatomben,

187 1574 453 1637 quatenus
474 1565 560 1620 hic
579 1583 683 1622 non
703 1575 831 1622 sunt
850 1585 945 1623 nec
962 1566 1176 1623 venales
1195 1566 1477 1639 elephanti,

187 1655 286 1694 nec
304 1639 453 1694 Latio
470 1646 561 1695 aut
579 1658 809 1712 usquam
829 1643 934 1697 sub
954 1650 1132 1697 nostro
1148 1642 1319 1696 sidere
1335 1641 1457 1696 talis

183 1713 346 1769 belua
365 1713 682 1782 concipitur;
725 1715 819 1768 sed
844 1714 995 1771 furva
1014 1720 1174 1786 gente
1188 1715 1348 1784 petita

182 1784 471 1843 arboribus
487 1785 699 1838 Rutulis
715 1794 767 1841 et
784 1787 951 1841 Turni
967 1786 1203 1856 pascitur
1221 1801 1364 1857 agro,
1717 1798 1795 1840 105

183 1858 431 1919 Caesaris
451 1864 769 1922 armentum,
793 1857 929 1913 nulli
953 1858 1154 1913 servire
1170 1866 1414 1928 paratum

181 1938 423 2009 privato:
465 1931 733 2004 siquidem
753 1932 914 2005 Tyrio
930 1949 1114 2004 parere
1130 1930 1368 1987 solebant
1397 1983 1400 1988 .

181 2006 471 2066 Hannibali
491 2014 544 2063 et
565 2008 758 2063 nostris
779 2006 1009 2063 ducibus
1022 2006 1252 2081 regique
1269 2005 1497 2063 Molosso

182 2086 382 2141 horum
407 2082 628 2138 maiores
645 2090 698 2138 et
712 2082 869 2140 dorso
885 2081 1020 2139 ferre
1034 2082 1288 2146 cohortes,

181 2167 390 2232 partem
409 2156 646 2230 aliquam
664 2157 808 2224 belli,
830 2164 882 2214 et
897 2166 1111 2215 euntem
1132 2158 1190 2213 in
1208 2157 1401 2230 proelia
1422 2165 1633 2211 turrim.
1715 2168 1792 2210 uo

181 2233 348 2290 Nulla
375 2233 538 2307 igitur
569 2250 720 2290 mora
747 2250 845 2308 per
868 2234 1119 2299 Novium,
1150 2250 1296 2289 mora
1315 2231 1462 2289 nulla
1480 2248 1574 2303 per
1593 2231 1685 2286 Hi·

995 2316 1169 2365 strum

182 2381 497 2446 Pacuvium,
518 2380 654 2454 quin
672 2381 807 2439 illud
824 2383 960 2439 ebur
974 2382 1200 2439 ducatur
1216 2380 1285 2437 ad
1302 2397 1436 2444 aras,

181 2465 235 2513 et
253 2456 408 2513 cadat
425 2463 547 2512 ante
562 2456 722 2512 Lares
740 2456 979 2521 Gallitae,
1000 2457 1218 2513 victima
1235 2472 1382 2511 sacra

179 2532 347 2588 tantis
366 2531 531 2605 digna
547 2529 662 2586 deis
678 2538 731 2588 et
748 2532 1101 2603 captatoribus
1120 2531 1330 2586 horum.

180 2606 333 2662 Alter
351 2607 516 2672 enim,
538 2606 586 2661 si
610 2606 867 2662 oonoedas
881 2614 1126 2671 mactare,
1152 2605 1365 2661 vovebit
1713 2611 1791 2657 ¹15

179 2682 249 2737 de
265 2698 432 2756 grege
450 2697 726 2738 servorum
745 2698 940 2754 magna
956 2688 1011 2736 et
1026 2680 1344 2753 pulcerrima
1361 2694 1606 2752 quaeque

177 2772 405 2829 corpora
419 2797 431 2811 .
476 2754 558 2810 vel
579 2757 759 2827 pueris
777 2764 828 2813 et
843 2755 1104 2813 frontibus
1126 2754 1435 2812 ancillarum
