2209 3217
764 268 1056 314 sATIRA
1088 268 1176 315 m.
1636 264 1703 317 45

208 366 297 423 Nil
316 366 416 421 tibi
435 382 493 421 se
509 364 700 421 debere
713 372 881 437 putat,
913 363 991 438 nil
1015 364 1244 420 conferet
1259 384 1537 439 umquam,

207 441 517 513 participem
537 441 634 511 qui
653 447 704 495 te
723 440 904 494 secreti
925 437 1044 493 fecit
1062 438 1283 494 honesti.

209 517 380 571 Carus
405 514 504 569 erit
523 515 691 579 Verri,
713 514 810 585 qui
829 514 1045 570 Verrem
1066 520 1315 586 tempore,
1340 529 1449 585 quo
1467 516 1597 581 vult,
1634 524 1639 530 '

210 606 458 644 accusare
477 595 664 660 potest.
725 589 876 643 Tanti
899 588 995 642 tibi
1016 604 1123 642 nou
1144 588 1215 642 sit
1232 588 1379 658 opaci

209 664 387 720 omnis
408 680 565 717 arena
587 662 714 735 Tagi
738 662 993 734 quodque
1010 662 1067 718 in
1089 679 1236 717 mare
1255 661 1486 717 volvitur
1504 679 1713 728 aurum,
1764 677 1815 718 55

208 744 271 793 ut
287 754 480 792 somno
496 754 692 802 careas,
715 737 1064 808 ponendaque
1082 736 1317 807 praemia
1336 752 1519 790 sumas

210 812 395 876 tristis,
420 818 472 865 et
489 829 520 866 a
541 828 735 883 magno
753 828 960 883 semper
976 811 1211 866 timearis
1231 810 1420 867 amice.

285 886 435 953 Quae
454 902 601 941 nunc
615 885 874 940 divitibus
890 902 1023 958 gens
1048 886 1409 957 acceptissima
1430 885 1623 939 nostris

210 969 262 1015 et
280 976 420 1032 quos
444 959 721 1031 praecipue
740 958 961 1033 fugiam,
984 961 1273 1031 properabo
1291 959 1457 1023 fateri,

213 1052 312 1090 nec
329 1034 503 1106 pudor
519 1034 766 1088 obstabit.
825 1034 941 1089 Non
962 1050 1184 1105 possum
1199 1033 1349 1097 ferre,
1381 1032 1630 1099 Quirites,
1768 1044 1819 1086 60

210 1110 467 1165 Graecam
487 1108 692 1163 urbem.
712 1107 970 1174 Quamvis
990 1115 1151 1179 quota
1170 1108 1340 1179 portio
1360 1106 1517 1161 faecis
1526 1105 1756 1164 Achaei?

210 1184 322 1239 iam
343 1183 548 1254 pridem
567 1182 738 1255 Syrus
760 1182 816 1237 in
843 1181 1074 1240 Tiberim
1094 1182 1317 1236 defluxit
1335 1181 1575 1246 Orontes,

210 1266 264 1313 et
280 1257 523 1331 linguam
542 1264 594 1311 et
609 1274 801 1321 moreS‚
825 1264 1016 1311 etcum
1038 1256 1254 1311 tibicine
1271 1256 1491 1311 chordas
1565 1311 1572 1318 ,

212 1332 479 1405 obliquas,
504 1349 600 1386 nec
619 1348 724 1386 non
743 1329 960 1404 gentilia
978 1338 1251 1404 tympana,
1273 1348 1454 1385 secum

212 1407 379 1472 vexit,
402 1414 453 1461 et
471 1406 538 1461 ad
559 1406 770 1462 Circum
789 1407 964 1461 iussas
985 1413 1220 1477 prostare
1238 1405 1456 1477 puellas.
1771 1415 1821 1458 65

213 1484 308 1550 Ite,
334 1480 534 1551 quibus
552 1488 701 1553 grata
724 1488 802 1536 est
818 1481 957 1553 picta
979 1480 1108 1553 lupa
1126 1480 1348 1536 barbara
1371 1481 1540 1535 mitra.
1561 1539 1568 1543 ,

213 1556 464 1611 Rusticus
485 1554 574 1610 ille
591 1563 717 1610 tuus
736 1556 902 1611 sumit
919 1555 1274 1627 trechedipna,
1298 1554 1535 1622 Quirine,

214 1638 266 1686 et
284 1630 594 1685 ceromatico
612 1629 709 1685 fert
729 1630 970 1686 niceteria
995 1629 1150 1686 collo.

214 1705 313 1759 Hic
339 1703 441 1759 alta
462 1704 702 1776 Sicyo'ne,
728 1711 809 1759 ast
831 1705 919 1758 hic
937 1703 1218 1776 Amydone
1238 1703 1430 1766 relicta,

212 1780 304 1834 hic
323 1778 525 1842 Andro,
549 1775 641 1832 ille
659 1778 834 1842 Same,
858 1777 946 1832 hic
971 1776 1238 1834 Trallibus
1256 1785 1347 1830 aut
1365 1776 1672 1839 Alabandis,
1771 1788 1822 1828 το

213 1852 492 1925 Esquilias
508 1852 817 1922 dictumque
833 1857 1020 1921 petunt
1040 1867 1070 1904 a
1091 1849 1292 1904 vimine
1309 1848 1514 1912 collem,

214 1930 423 1983 viscera
443 1942 761 1998 magnarum
782 1925 1060 1989 domuum,
1084 1922 1396 1995 dominique
1412 1922 1590 1978 futuri.

213 2001 504 2076 Ingenium
526 1998 698 2064 velox,
727 1998 942 2055 audacia
961 1998 1183 2071 perdita,
1207 2016 1381 2054 sermo

214 2082 479 2150 promtus,
505 2082 556 2129 et
573 2076 719 2130 Isaeo
738 2074 1024 2130 torrentior.
1080 2073 1211 2138 Ede,
1235 2073 1367 2146 quid
1390 2072 1545 2130 illum

217 2158 524 2221 esseputes:
553 2165 716 2221 quem
728 2150 1112 2213 vishominem‚
1128 2165 1308 2206 secum
1329 2147 1593 2204 adtulitad
1604 2166 1728 2204 nos:
1772 2160 1823 2202 75

218 2225 616 2300 grammaticus,
641 2225 832 2290 rhetor,
854 2232 1161 2298 geometres,
1185 2225 1369 2296 pictor,
1395 2222 1600 2292 aliptes.

221 2317 414 2374 augur,
443 2299 835 2365 schoenobates,
861 2300 1119 2361 medicus,
1142 2316 1362 2371 magus:
1405 2296 1585 2351 omnia
1606 2298 1753 2351 novit

221 2372 515 2431 Graeculus
534 2374 799 2430 esuriens:
842 2375 898 2429 in
923 2374 1131 2430 eoelum
1151 2372 1387 2435 iusseris,
1414 2370 1531 2425 ibit.

222 2450 309 2505 Ad
339 2465 626 2514 summam,
665 2467 772 2505 non
790 2450 1009 2505 Maurus
1037 2455 1150 2503 erat
1175 2462 1348 2517 neque
1369 2444 1604 2500 Sarmata
1626 2463 1721 2500 nec

1031 2522 1230 2583 Thrax,

225 2598 323 2673 qui
344 2598 537 2653 sumsit
555 2613 777 2669 pennas,
803 2596 993 2651 mediis
1018 2594 1114 2651 sed
1133 2602 1289 2649 natus
1308 2592 1548 2649 Athenis.
1779 2603 1830 2645 80

224 2676 428 2730 Horum
514 2689 548 2727 o
567 2688 675 2726 non
693 2669 895 2743 fugiam
916 2668 1231 2741 conchylia?
1266 2670 1350 2724 Me
1367 2669 1513 2740 prior
1532 2668 1621 2723 ille

226 2747 466 2823 signabit
541 2744 816 2819 fultusque
835 2753 948 2801 toro
965 2742 1182 2804 meliore
1200 2743 1469 2799 recumbet
