2209 3217
707 239 997 286 samma
1036 240 1177 286 XIV.
1588 234 1675 287 ΗΙ

186 343 339 393 nocte
358 335 521 394 boves
539 335 703 390 macri
724 335 969 408 lassoque
987 335 1224 391 famelica
1241 337 1372 394 oollo

186 411 429 466 iumenta
454 409 522 464 ad
543 408 740 466 virides
758 410 923 465 huius
942 411 1225 466 mittuntur
1243 412 1450 480 aristas3

188 502 285 541 nec
307 485 464 557 prius
485 483 609 539 inde
626 482 865 548 domum>
885 501 1049 557 quam
1073 492 1179 539 tota
1200 484 1409 540 novalia
1426 504 1610 543 saevos

186 562 243 615 in
264 549 481 616 ventres
499 558 704 624 abeant,
730 565 790 614 ut
808 559 987 615 credas
1004 558 1231 614 falcibus
1249 566 1437 614 actum.

72 639 80 648 '
185 635 370 689 Dicere
388 633 483 688 vix
500 633 691 703 possis,
715 650 878 704 quam
901 632 1058 689 multi
1078 632 1202 689 talia
1226 632 1434 705 plorent
1716 647 1794 689 150

187 715 238 764 et
254 713 390 780 quot
407 705 619 762 venales
636 707 830 763 iniuria
847 705 1023 763 feeerit
1040 725 1214 781 agros.

186 782 332 838 »Sed
356 780 454 853 qui
473 781 776 837 sermones?
812 799 950 853 quae
967 781 1147 837 foedae
1164 782 1388 838 buccina
1412 781 1650 837 famaeY«

194 857 338 924 Quid
355 865 501 910 nocet
519 855 651 911 hoo?
690 856 884 927 inquit.
931 857 1182 911 Tunicam
1199 860 1326 912 mihi
1343 861 1484 912 malo
1506 860 1689 925 lupini,

190 948 351 1001 quam
369 935 419 984 ει·
439 948 518 984 me
536 938 641 984 toto
659 933 835 984 laudet
851 934 1048 986 vicinia
1056 947 1197 999 payo

191 1009 378 1074 eoeiyui
393 1009 540 1059 ruris
551 1009 877 1073 paucissima
892 1011 1048 1074 [arra
1065 1014 1340 1060 secantem.
1722 1014 1797 1057 155

189 1078 400 1134 Scilicet
416 1085 467 1133 et
486 1077 686 1133 morbis
704 1086 755 1132 et
772 1078 1038 1134 debilitate
1055 1078 1258 1134 carebis

178 1161 242 1218 ‚et
259 1152 467 1208 luctum
492 1160 544 1207 et
559 1170 740 1209 curam
759 1153 996 1226 effugies,
1021 1160 1071 1208 et
1089 1161 1323 1223 tempora
1340 1151 1476 1206 vitae

194 1227 353 1301 longa
372 1226 470 1282 tibi
489 1234 607 1298 post
626 1228 755 1284 baec
773 1225 877 1283 fato
895 1227 1113 1283 meliore
1132 1225 1415 1290 dabuntur,

192 1303 240 1357 si
261 1309 470 1357 tantum
487 1301 615 1357 oulti
635 1301 781 1355 solus
798 1302 1094 1372 possederis
1120 1301 1255 1374 agri,

193 1384 459 1449 quantum
477 1376 582 1430 sub
602 1375 749 1430 Tatio
767 1376 999 1448 populus
1016 1378 1289 1432 Romanus
1307 1375 1501 1431 arabat.
1720 1386 1801 1429 160

192 1452 320 1508 Mox
344 1451 503 1505 etiam
524 1449 700 1505 fractis
720 1458 882 1506 aetate
898 1457 953 1510 et
973 1451 1172 1507 Punica
1194 1450 1365 1522 passis

190 1524 392 1598 proelia
411 1523 494 1580 vel
512 1525 779 1599 Pyrrhum
798 1526 1084 1582 immanem
1106 1525 1420 1601 gladiosque
1436 1525 1691 1582 Molossos

192 1600 409 1656 tandem
428 1616 524 1670 pro
543 1599 729 1655 multis
748 1602 843 1656 vix
861 1601 1042 1675 iugera
1059 1602 1186 1657 bina
1210 1600 1474 1656 dabantur

190 1674 531 1730 vulneribus.
587 1676 784 1728 Merme
801 1692 862 1728 ea
879 1676 1161 1747 sanguinis
1178 1682 1337 1744 atque
1352 1674 1547 1726 laboris

158 1786 175 1800 f
190 1746 367 1805 nullis
384 1746 501 1798 visa
519 1761 778 1815 umquam
798 1748 999 1800 meritis
1018 1748 1212 1809 minor,
1236 1752 1328 1798 aut
1344 1746 1578 1818 ingratae
1723 1756 1802 1799 165

191 1827 344 1877 curta
366 1817 497 1873 fides
517 1818 735 1890 patriae.
791 1818 1066 1873 Saturabat
1080 1817 1297 1891 glebula
1316 1814 1438 1871 talis

193 1903 400 1970 patrem
420 1892 599 1962 ipsum
627 1891 944 1963 turbamque
961 1908 1127 1956 casae,
1151 1908 1259 1963 qua
1273 1890 1377 1945 feta
1395 1890 1594 1949 iaoebet

195 1987 336 2026 uxor
353 1974 406 2022 et
426 1965 652 2021 infantes
673 1965 928 2022 ludebant
949 1973 1198 2039 quatuor,
1222 1981 1369 2021 unus

197 2040 439 2106 vernula,
464 2048 570 2097 tres
589 2040 822 2097 domini:
862 2041 957 2097 sed
982 2042 1193 2115 magnis
1204 2039 1456 2096 fratribus
1475 2038 1668 2095 horum

200 2138 229 2175 a
248 2117 433 2173 scrobe
449 2115 535 2171 vel
552 2115 701 2172 suloo
720 2116 1063 2172 redeuntibus
1082 2115 1240 2172 altera
1259 2132 1418 2171 ooena
1726 2125 1804 2168 170

200 2192 425 2264 amplior
444 2198 495 2245 et
512 2191 740 2265 grandes
754 2191 1035 2247 fumabant
1052 2191 1292 2263 pultibus
1310 2190 1462 2247 ollae.

200 2270 355 2323 Nunc
373 2266 564 2320 modus
587 2266 679 2321 bio
693 2266 806 2340 agri
826 2274 1004 2323 nostro
1024 2284 1130 2323 non
1150 2266 1347 2322 sufficit
1363 2264 1533 2319 horto.

201 2341 329 2398 Inde
346 2338 453 2395 fere
471 2339 729 2396 scelerum
747 2358 955 2406 causae,
977 2358 1076 2396 nec
1093 2341 1245 2411 plura
1263 2355 1469 2395 venena

202 2415 417 2472 miscuit
435 2422 526 2470 aut
545 2414 683 2471 ferro
700 2422 972 2488 grassatur
988 2416 1202 2485 saepius
1220 2413 1395 2469 ullum

201 2494 468 2549 humanae
487 2490 680 2545 mentis
701 2490 910 2555 vitium,
934 2506 1098 2562 quam
1119 2506 1273 2545 saeva
1291 2486 1485 2559 cupido
1728 2497 1804 2541 175

203 2565 450 2624 indomiti
463 2581 683 2621 oeneus:
729 2581 852 2619 nam
870 2564 1022 2620 dives
1040 2564 1138 2636 qui
1159 2563 1272 2618 fieri
1290 2563 1424 2627 vult,

205 2651 254 2698 et
271 2643 374 2697 cito
396 2639 511 2695 vult
527 2639 660 2694 fieri.
718 2638 823 2694 Sed
841 2656 981 2711 quae.
1001 2639 1290 2694 reverentia
1309 2636 1506 2711 legum,

205 2718 329 2789 quis
349 2721 524 2771 metus
544 2722 635 2771 aut
650 2714 824 2788 pudor
843 2722 1178 2787 estunquam
1196 2713 1522 2786 properantis
1536 2709 1717 2767 avari?
