2209 3217
536 266 635 317 4⁴0
1067 269 1484 316 IUVENALIS

537 368 796 442 sanguine
813 366 1063 440 causidici
1083 369 1400 425 maduerunt
1417 376 1581 425 rostra
1602 367 1807 441 pusilli.

540 444 584 499 Ο
599 449 919 513 fortunatam
937 453 1118 499 natam
1133 463 1213 498 me
1232 448 1436 500 consule
1456 445 1696 499 Romam!

535 518 730 574 Antoni
751 517 956 591 gladios
974 519 1143 590 potuit
1165 527 1511 585 contemnere,
1534 519 1580 573 si
1600 519 1677 573 sic

535 594 714 648 omnia
731 592 973 648 dixisset.
1031 592 1267 647 Ridenda
1285 601 1525 665 poemata
1544 592 1701 657 ma10,

429 675 505 719 125
531 684 697 740 ,quam
716 675 767 722 te
790 668 1117 739 conspicuae,
1140 666 1321 723 divina
1344 668 1654 739 Philippica,
1677 666 1865 733 famae,

535 741 764 797 volveris
783 743 1002 814 aprima
1022 758 1159 814 quae
1176 744 1436 814 proxima.
1491 742 1692 798 Saevus
1717 750 1767 796 et
1785 741 1951 798 illum

538 817 712 872 exitus
731 816 941 889 eripuit,
966 835 1128 889 quem
1148 818 1476 873 mirabantur
1493 817 1727 873 Athenae

538 899 835 956 torrentem,
859 898 910 946 et
926 891 1071 964 pleni
1096 892 1450 949 moderantem
1473 890 1619 947 frena
1637 892 1840 950 theatri.

537 968 630 1021 Dis
650 966 743 1021 ille
758 966 993 1023 adversis
1010 968 1223 1041 genitus
1241 966 1453 1042 fatoque
1472 967 1704 1031 sinistr0,

432 1052 510 1094 130
539 1059 703 1115 quem
721 1049 884 1114 pater,
907 1041 1137 1097 ardentis
1155 1059 1359 1097 massae
1376 1041 1599 1115 fuligine
1622 1041 1823 1113 lippuS‚

537 1135 568 1171 a
587 1116 809 1172 carbone
827 1125 877 1172 et
893 1116 1198 1188 forcipibus,
1218 1115 1529 1191 gladiosque
1552 1124 1768 1187 parante

539 1191 746 1258 incude,
773 1199 824 1247 et
842 1191 981 1246 luteo
1001 1190 1234 1266 Vnicano
1251 1192 1319 1246 ad
1337 1191 1541 1245 rhetora
1560 1190 1724 1263 misit.

611 1265 872 1321 Bellorum
890 1268 1132 1332 exuviae,
1155 1266 1358 1322 truncis
1373 1265 1531 1322 affixa
1548 1264 1773 1337 tropaeis

541 1340 714 1405 lorica,
738 1349 788 1395 et
806 1340 961 1412 fracta
981 1340 1051 1395 de
1063 1340 1265 1396 casside
1284 1340 1506 1396 buccula
1522 1339 1778 1413 pendens,

433 1425 511 1469 135
538 1421 589 1471 et
605 1422 815 1469 curtum
834 1422 1039 1472 temone
1057 1415 1265 1487 iugum,
1287 1415 1558 1488 victaeque
1576 1415 1806 1471 triremis

541 1488 789 1560 aplustre,
812 1496 864 1542 et
881 1504 1094 1541 summo
1114 1489 1278 1543 tristis
1296 1490 1536 1560 captivus
1555 1490 1613 1545 in
1634 1506 1776 1555 arcu,

539 1562 792 1618 humanis
807 1561 1004 1617 maiora
1021 1560 1176 1617 bonis
1194 1562 1507 1618 creduntur:
1555 1563 1623 1619 ad
1639 1565 1769 1620 haec
1786 1580 1844 1618 se

441 1646 444 1649 ’
539 1640 811 1693 Romanus
831 1636 1131 1708 Graiusque
1149 1653 1210 1691 ac
1225 1637 1484 1693 barbarus
1503 1638 1845 1711 endoperator

541 1713 732 1780 erexit3
775 1729 965 1768 causas
981 1711 1306 1768 discriminis
1325 1720 1484 1786 atque
1509 1712 1704 1770 laboris

433 1797 511 1844 ¹40
539 1789 663 1844 inde
682 1788 891 1844 habuit.
949 1788 1117 1844 Tanto
1134 1788 1303 1844 maior
1318 1787 1491 1845 famae
1508 1790 1626 1845 sitis
1647 1797 1742 1854 est,
1772 1806 1939 1861 quam

538 1864 771 1920 virtutis.
828 1862 961 1932 Quis
979 1864 1124 1919 enim
1141 1864 1390 1921 virtutem
1408 1865 1737 1938 amplectitur
1760 1865 1954 1935 ipsam,

540 1939 773 2012 praemia
796 1940 844 1994 si
862 1937 1049 1994 tollas?
1083 1940 1312 1996 Patriam
1331 1948 1507 1996 tamen
1525 1941 1702 1996 obruit
1718 1937 1847 1993 olim

539 2013 705 2088 gloria
725 2030 1032 2085 paucorum,
1055 2020 1107 2069 et
1125 2014 1299 2072 laudis
1316 2015 1561 2087 titulique
1577 2012 1788 2085 cupido,

542 2089 753 2144 haesuri
773 2090 918 2143 saxis
936 2089 1179 2145 cinerum
1195 2090 1521 2153 custodibus,
1545 2088 1609 2143 ad
1630 2103 1767 2160 quae

434 2171 512 2218 145
540 2163 867 2219 discutienda
887 2162 1059 2219 valent
1078 2165 1271 2220 sterilis
1288 2163 1427 2219 mala
1448 2163 1631 2217 robora
1649 2161 1783 2216 ficus
1800 2178 1813 2229 3

542 2238 973 2311 quandoquidem
982 2239 1098 2295 data
1120 2248 1248 2296 sunt
1266 2239 1394 2311 ipsis
1403 2253 1619 2310 quoque
1638 2235 1737 2291 fata
1754 2238 2037 2309 sepulcris.

541 2313 796 2386 Expende
811 2313 1185 2370 Hannibalem:
1223 2321 1356 2386 quot
1369 2311 1530 2367 libras
1551 2312 1607 2368 in
1626 2311 1760 2367 duce
1779 2329 1999 2371 summo

544 2387 815 2444 invenies?
851 2390 946 2444 liic
963 2397 1060 2455 est,
1085 2403 1246 2460 quem
1265 2404 1372 2443 non
1392 2389 1532 2459 capit
1550 2386 1744 2454 Africa,
1766 2388 1954 2445 Mauro

542 2480 786 2535 percussa
805 2462 1027 2529 Oceano,
1050 2463 1276 2535 Niloque
1291 2462 1497 2519 admota
1516 2464 1729 2536 tepenti,

437 2549 514 2591 150
543 2555 729 2593 rursus
753 2537 824 2593 ad
846 2538 1164 2611 Aethiopum
1190 2536 1433 2611 populna,
1455 2537 1695 2613 altosque
1710 2537 2037 2610 elephantos,

543 2611 771 2667 Additur
787 2613 1023 2684 imperiis
1042 2613 1321 2686 Hispania:
1364 2614 1693 2689 Pyrenaeum

544 2684 790 2740 transilit.
850 2687 1110 2758 Opposuit
1128 2698 1315 2745 natura
1334 2688 1629 2763 Alpemque
1647 2688 1961 2760 nivemque:

544 2758 745 2814 diducit
762 2760 1022 2831 scopulos,
1045 2769 1096 2816 et
1113 2772 1345 2819 montem
1364 2767 1563 2837 rumpit
1581 2771 1734 2819 aceto.
