2209 3217
706 301 999 352 SATIRA
1032 303 1125 349 lx.
1560 297 1646 349 {ol

572 608 1049 669 S.AT1RA
1139 607 1259 665 IX.

167 779 252 820 An
262 778 317 818 G.
344 774 603 827 oouoquitur
627 787 717 813 cum
739 776 920 813 Naevolo
942 774 1175 824 paedicone,
1196 772 1268 826 qui
1286 772 1519 824 pauperiem
1546 787 1655 814 uuam

260 842 462 891 deplorat,
490 840 539 878 de
564 839 709 878 ditium
728 839 984 877 oin-edorum
1003 838 1171 878 avaritia
1189 845 1369 891 questu·-
1415 840 1655 879 Consul-tur

259 917 354 943 eum
377 908 520 954 poenz
553 909 596 942 at
619 904 692 942 ine
717 916 827 954 apem
853 915 1008 941 omnem
1033 903 1188 950 abiicit,
1215 916 1335 953 neque
1368 904 1453 943 fato
1470 905 1521 943 nd
1537 903 1657 942 mise·

262 968 365 1006 rim
383 979 468 1005 oue
487 964 730 1006 destinatum
748 967 939 1005 ostendit.

241 1065 361 1133 Iov.
401 1072 546 1130 Scire
566 1072 746 1139 velim,
773 1091 937 1146 quare
952 1074 1101 1129 toties
1117 1074 1270 1139 mihi,
1293 1074 1535 1138 Naevole,
1560 1076 1649 1128 tri-

975 1150 1071 1204 stis

167 1241 429 1289 cocum-aa,
453 1223 620 1279 fronte
636 1222 878 1288 obducta,
910 1240 1007 1281 ceu
1024 1224 1233 1300 Marsya
1252 1224 1441 1278 victus,

167 1299 309 1368 Quid
328 1298 428 1353 tibi
446 1315 568 1353 cum
593 1298 764 1363 vultu,
788 1297 1001 1370 qualem
1019 1299 1310 1370 deprensus
1329 1299 1554 1355 habebat

165 1374 382 1440 Ravola,
408 1372 540 1428 dum
559 1373 836 1445 Rhodopes
851 1373 957 1428 uda
977 1375 1094 1429 terit
1115 1375 1335 1449 inguina
1359 1374 1559 1430 barba?

239 1467 300 1505 os
319 1448 601 1521 colaphum
620 1448 910 1505 incutimus
930 1449 1181 1505 lambenti
1199 1450 1433 1506 crustula
1453 1448 1647 1526 servm]
1742 1462 1764 1503 5

213 1542 285 1580 on
306 1531 416 1580 erat
434 1524 533 1579 hac
550 1523 679 1580 facie
696 1524 1046 1582 miserabilior
1062 1526 1369 1599 Crepereius

170 1599 356 1665 Pollio,
380 1600 495 1672 qui,
521 1598 776 1671 triplicem
797 1618 1016 1656 usuram
1034 1609 1296 1673 praestare
1316 1611 1545 1673 paratae,

166 1676 370 1740 circuit,
392 1682 443 1729 et
460 1672 631 1729 fatuos
650 1692 755 1730 non
773 1676 996 1730 invenit.
1063 1676 1214 1731 Unde
1232 1685 1440 1745 repente

167 1759 239 1807 tot
257 1747 461 1823 rugae?
498 1749 646 1803 Certe
664 1749 868 1804 modico
883 1756 1177 1814 contentuS,
1203 1749 1394 1821 agebas

168 1841 388 1884 vernam
408 1822 659 1894 equitem,
683 1822 904 1877 conviva
921 1823 1032 1876 ioco
1050 1822 1320 1876 mordente
1335 1820 1549 1888 facetus,
1716 1834 1765 1876 ιο

165 1909 214 1957 et
233 1898 450 1957 salibus
467 1896 750 1951 vehemens
767 1895 905 1950 intra
924 1896 1189 1966 pomoeria
1209 1895 1361 1950 natis,

168 1974 362 2032 Omnia
384 1986 531 2027 nunc
546 1977 722 2026 contra
738 1991 769 2026 ε·
792 1968 973 2025 vultus
992 1970 1194 2045 gravis,
1217 1970 1428 2026 horrida
1446 1973 1612 2026 siccae

166 2052 301 2107 silva
322 2063 522 2112 comae,
547 2045 729 2101 nullus
753 2052 855 2101 tota
876 2046 1014 2101 nitor
1032 2047 1088 2101 in
1106 2054 1243 2113 cute,
1267 2045 1480 2119 qualem

167 2124 465 2199 praestabat
488 2121 646 2177 calidi
663 2120 958 2178 cincumlita
975 2121 1136 2177 fascia
1160 2123 1319 2179 visci:

167 2201 259 2256 sed
278 2199 557 2255 fruticante
571 2196 680 2271 pilo
698 2197 929 2272 neglecta
954 2205 1005 2254 et
1023 2197 1265 2271 squalida
1281 2215 1454 2253 crura.
1717 2209 1765 2251 15

168 2274 312 2344 Quid
329 2274 522 2330 macies
539 2274 680 2349 aegri
699 2275 907 2340 veteri8‚
931 2291 1092 2346 quem
1111 2281 1343 2347 tempore
1362 2274 1518 2347 longo

167 2357 327 2406 torret
343 2357 530 2423 quarta
546 2349 660 2405 dies
676 2348 914 2423 olimque
931 2350 1212 2405 domestica
1231 2349 1392 2405 febris
1404 2347 1433 2400 ⁸?

167 2426 466 2498 Deprendas
487 2425 651 2480 animi
669 2417 1149 2482 tormentalatentis
1168 2424 1223 2478 in
1245 2440 1400 2497 aegro

168 2517 398 2572 corpore,
420 2499 713 2572 deprendas
728 2508 780 2555 et
865 2498 1016 2555 udia:
1058 2499 1224 2554 sumit
1239 2505 1526 2572 utrumque

169 2574 294 2631 inde
313 2575 554 2631 habitum
577 2573 751 2630 facies.
797 2517 976 2647 {gitur
998 2572 1209 2629 flexisse
1227 2573 1423 2629 videris
1715 2587 1765 2627 20

168 2651 516 2723 propositum,
541 2656 593 2704 et
607 2650 747 2705 vitae
762 2649 1055 2704 contrarius
1071 2649 1149 2703 ire
1169 2649 1346 2719 priori.

169 2727 350 2798 Nuper
369 2726 533 2791 enim,
557 2731 618 2779 ut
634 2732 823 2796 repeto,
846 2722 1029 2778 fanum
1051 2722 1207 2778 isidis
1216 2722 1637 2800 etGanymedem

171 2802 336 2867 Facie,
361 2808 414 2857 et
429 2799 671 2856 advectae
688 2806 881 2855 secreta
900 2797 1090 2871 palatia
1110 2799 1309 2861 Matris.
