2209 3217
578 245 673 297 loo
958 204 965 210 ’
1119 247 1533 298 ιυνΕΝΑιιε

570 349 619 402 si
645 348 816 402 lentus
835 347 988 421 pigra
1005 349 1236 404 muniret
1252 356 1421 405 castra
1439 349 1674 405 dolabra.

569 422 665 477 Hic
683 430 858 477 tamen
881 430 933 477 et
951 422 1196 480 Cimbros
1215 431 1264 479 et
1282 441 1495 479 summa
1513 422 1743 497 pericula
1763 439 1949 478 rerum

462 508 541 552 250
569 497 779 569 excipit,
803 505 854 553 et
872 496 1017 553 solus
1035 499 1382 570 trepidantem
1402 499 1626 574 protegit
1644 498 1856 554 Urbem.
1921 500 1940 512 ‘

570 573 744 644 Atque
762 572 896 639 ideo,
919 581 1200 646 postquam
1223 573 1290 628 ad
1309 574 1553 703 Cirssiabros
1570 573 2067 648 stragemquevola-

1448 657 1525 715 nt,
1945 697 1948 704 .

571 721 1798 873 gxifissnssffiffltiffifflffi‘‘'⁶“·
1818 725 1986 790 ⁰⁰⁸³*

571 872 807 928 Plebeiae
824 872 1100 929 Deciorum
1126 874 1352 939 animae,
1374 873 1579 946 plebeia
1604 873 1822 930 fuerunt

464 957 540 1001 255
570 947 812 1003 nomina:
853 964 951 1019 pm
968 947 1090 1002 totis
1112 947 1411 1023 legionibus
1430 949 1487 1005 hi
1504 957 1680 1005 tamen
1699 957 1749 1005 et
1773 967 1872 1022 pro

571 1023 820 1078 omnibus
840 1022 1056 1078 auxiliis
1075 1031 1235 1095 atque
1253 1024 1399 1080 omni
1417 1025 1560 1096 pube
1577 1024 1764 1080 Latina

571 1096 842 1153 sufficiunt
856 1098 943 1153 dis
968 1097 1191 1154 infernis
1211 1101 1503 1172 Terraeque
1519 1100 1750 1173 parenti:

574 1172 743 1245 pluris
762 1173 907 1229 enim
925 1174 1084 1240 Decii,
1110 1192 1275 1248 quam
1293 1175 1390 1247 qui
1407 1181 1685 1231 serventur
1700 1175 1771 1229 ab
1790 1175 1924 1232 illis.

571 1248 776 1304 Ancilla
795 1257 950 1304 natus
969 1250 1203 1305 trabeam
1219 1258 1271 1306 et
1284 1250 1526 1306 diadema
1543 1248 1755 1317 Quirini

464 1334 543 1377 260
571 1330 623 1378 et
643 1321 809 1378 fasces
828 1326 1039 1390 meruit,
1063 1343 1253 1399 regum
1272 1326 1497 1384 ultimus
1514 1324 1604 1381 ille
1615 1325 1905 1382 bonorum.

574 1398 780 1453 Prodita
802 1397 1052 1454 laxabant
1067 1408 1339 1472 portarum
1361 1400 1589 1456 claustra
1609 1402 1850 1474 tyrannis

572 1472 853 1527 exsulibus
878 1474 1097 1528 iuvenes
1128 1475 1300 1545 ipsius
1318 1475 1585 1540 Consulis,
1611 1483 1663 1531 et
1679 1492 1815 1548 quos

575 1563 832 1621 magnum
850 1545 1056 1619 aliquid
1079 1547 1244 1603 dubia
1263 1566 1359 1621 pro
1380 1548 1613 1606 libertate
1631 1550 1848 1616 deceret,

573 1621 719 1694 quod
739 1622 1017 1678 miraretur
1033 1638 1158 1677 cum
1177 1622 1370 1685 Coclite
1386 1625 1615 1690 Mucius,
1635 1632 1686 1681 et
1705 1643 1844 1699 quae

466 1708 542 1753 265
573 1697 782 1770 imperii
809 1696 940 1752 fines
960 1697 1273 1754 Tiberinum
1292 1699 1443 1774 virgo
1462 1700 1678 1757 natavit.

574 1773 787 1829 Occulta
808 1772 874 1829 ad
893 1774 1069 1830 Patres
1087 1775 1342 1848 produxit
1358 1776 1583 1833 crimina
1598 1793 1786 1832 servus

574 1849 828 1906 matronis
849 1848 1141 1924 lugendus:
1186 1858 1237 1907 at
1254 1850 1375 1930 illos
1396 1852 1612 1908 verbera
1627 1852 1784 1907 iustis

575 1923 812 1980 afficiunt
830 1923 1008 1999 legum
1026 1927 1231 1997 poenis,
1254 1934 1305 1982 et
1324 1927 1492 1999 prima
1514 1927 1734 1982 securis.

646 1999 786 2054 Malo
800 2007 947 2069 pater
971 2000 1068 2054 tibi
1087 2001 1159 2054 sit
1183 2002 1462 2064 Thersites,
1487 1998 1776 2055 dummodo
1795 2007 1852 2053 tu
1873 2003 1954 2057 sis

466 2084 545 2128 270
573 2072 826 2128 Aeacidae
842 2071 1054 2138 similis,
1077 2074 1441 2147 Vulcaniaque
1458 2091 1603 2130 arma
1620 2089 1882 2144 capessa8‚

574 2163 737 2219 quam
758 2154 809 2200 te
829 2146 1096 2202 Thersitae
1118 2148 1348 2203 similem
1368 2147 1619 2219 producat
1635 2146 1889 2203 Achilles.

504 2259 517 2280 ,,
574 2222 643 2278 Et
662 2230 853 2285 tamen,
878 2229 939 2275 ut
958 2219 1115 2295 louge
1133 2231 1334 2293 repems
1355 2222 1614 2296 longeque
1631 2221 1874 2279 revolvas

578 2314 789 2364 nomen.
817 2296 885 2353 ab
908 2293 1092 2352 infami
1111 2304 1323 2371 gentem
1339 2298 1558 2354 deducis
1576 2296 1744 2372 asylo.

578 2374 837 2429 Maiorum
856 2372 1065 2445 primus
1083 2373 1333 2446 quisquis
1351 2372 1451 2430 fuit
1472 2373 1561 2430 ille
1577 2382 1810 2440 tuorum,

469 2458 548 2503 275
576 2458 668 2504 aut
684 2456 861 2521 pastor
871 2447 994 2515 fuit,
1019 2456 1111 2506 aut
1131 2447 1294 2517 aliud,
1317 2449 1462 2524 quod
1480 2449 1651 2508 dicere
1668 2448 1807 2506 nolo.
