2209 3217
755 269 1049 316 SATIRA
1090 271 1182 316 111.
1654 269 1718 323 43

222 366 320 421 Hic
337 365 478 422 fiunt
492 366 759 424 homines.
822 369 958 423 Nam
977 369 1025 423 si
1045 385 1191 423 mora
1209 367 1416 443 longior
1432 372 1624 430 Urbem

218 440 448 496 indulsit
467 443 663 512 pueriS,
688 460 795 498 non
815 460 1075 514 umquam
1099 444 1263 498 deerit
1279 453 1503 505 amator:

219 516 499 571 mittentur
522 517 754 581 braccae,
777 516 994 583 cultelli,
1017 518 1185 584 fiens,
1209 517 1501 592 flagellum.

218 588 309 645 Sic
331 597 681 663 praetextatos
703 590 935 650 referunt
951 593 1201 649 Artaxata
1222 609 1416 649 mores.
1751 608 1831 653 170

625 836 1105 897 SATIRA
1194 841 1317 899 111.

212 993 369 1032 ARG.
399 992 630 1033 Absentem
664 994 766 1033 urbs
779 994 1036 1036 Umbriciam
1054 998 1281 1049 Cumasque
1298 998 1565 1049 migraturum
1588 1009 1726 1048 prose—

330 1055 477 1107 quitur
488 1062 630 1106 poetag
660 1056 736 1096 ine
751 1064 886 1097 aut-ns
904 1059 1089 1109 exponit,
1108 1073 1231 1111 quare
1247 1062 1376 1099 Roma
1394 1063 1601 1101 discedere
1611 1060 1726 1111 cupi-

330 1124 391 1165 at,
409 1132 570 1170 nempe,
590 1120 686 1172 quia
704 1120 749 1159 in
764 1121 864 1159 urbe
877 1122 1059 1172 probitas
1068 1129 1275 1162 contemtu
1284 1126 1354 1170 sit,
1365 1125 1504 1164 vilitas
1513 1131 1726 1176 atquem-

327 1180 424 1221 litis
441 1183 595 1230 flarent,
614 1185 858 1231 adulatores,
875 1186 1069 1232 adulteri,
1089 1187 1281 1225 Graeculi
1300 1186 1344 1226 in
1363 1187 1490 1237 gratia
1508 1188 1604 1234 sint,
1615 1187 1726 1226 divi-

327 1245 412 1285 tiso
430 1247 539 1285 sol-s
554 1246 687 1297 magni
704 1247 946 1298 habe-ntur,
954 1259 1156 1299 pauperes
1174 1248 1346 1297 iaceant,
1358 1252 1539 1301 pericula
1553 1251 1724 1291 circum-

326 1320 489 1361 quaque
505 1309 759 1357 immineant,
779 1318 1019 1361 grassatores
1037 1310 1173 1352 omis
1191 1313 1323 1353 intuta
1341 1315 1524 1358 reddant·

292 1397 568 1475 Quamvis
586 1411 831 1486 digressu
848 1411 1041 1469 veteris
1058 1413 1316 1471 confusus
1337 1416 1514 1484 amici,

212 1483 378 1540 laudo
394 1492 590 1553 tamen,
612 1488 795 1544 vacuis
816 1489 962 1561 quod
979 1490 1157 1546 sedem
1182 1490 1341 1564 [igere
1364 1491 1552 1549 Cumis

210 1557 347 1613 desti
353 1567 458 1626 net,
479 1569 638 1634 atque
652 1579 825 1618 unum
851 1563 1021 1620 civem
1038 1565 1234 1621 donare
1252 1564 1506 1639 Sibyllae.

211 1634 380 1689 Ianua
397 1635 641 1692 Baiarum
662 1644 741 1691 est
759 1644 810 1692 et
825 1646 1037 1710 gratum
1058 1638 1187 1694 litus
1206 1641 1413 1695 amoeni

211 1725 477 1764 secessus,
536 1711 652 1783 Ego
669 1711 753 1766 vel
775 1712 1088 1783 Prochytam
1107 1729 1374 1783 praepono
1389 1713 1650 1768 Suburae.
1803 1724 1826 1767 5

212 1783 353 1837 Nam
374 1783 511 1853 quid
530 1790 638 1837 tam
658 1785 934 1847 miserum,
948 1792 1055 1838 tam
1074 1785 1252 1840 solum
1274 1784 1527 1851 vidimus,
1544 1794 1717 1841 utnon

212 1856 452 1913 deterius
468 1856 651 1911 credas
675 1857 888 1911 horrere
905 1856 1165 1920 incendia,
1191 1856 1372 1929 lapsus

213 1939 476 1987 tectorum
500 1929 763 1995 assiduos,
791 1946 852 1984 ac
870 1929 1018 1985 mille
1033 1931 1268 2001 pericula
1286 1949 1473 1990 saevae

212 2006 388 2072 urbis,
412 2010 466 2059 et
482 2003 725 2078 Augusto
743 2005 1014 2061 recitantes
1033 2023 1217 2063 mense
1237 2008 1453 2080 poetas?

213 2080 320 2136 Sed
339 2080 474 2135 dum
498 2086 602 2135 tota
621 2079 814 2135 domus
833 2079 994 2136 rheda
1012 2084 1346 2154 componitur
1364 2102 1489 2154 una,
1773 2098 1824 2140 ιο

214 2155 456 2210 substitit
472 2154 542 2210 ad
558 2163 758 2211 veteres
775 2173 930 2212 arcus
948 2157 1328 2231 madidamque
1346 2160 1634 2232 Capenam.

214 2229 331 2295 Hic,
361 2230 457 2284 ubi
475 2237 758 2287 noeturnae
774 2232 949 2287 Numa
968 2234 1317 2290 constituebat
1344 2235 1559 2300 amicae,

215 2320 365 2360 nunc
380 2305 514 2359 sacri
531 2304 689 2361 sontis
708 2324 900 2362 nemus
924 2314 976 2361 et
990 2307 1213 2364 delubra
1230 2309 1468 2364 locantur

216 2378 449 2444 Iudaeis,
479 2396 706 2450 quorum
725 2382 987 2452 cophinus
1005 2380 1330 2454 foenumque
1347 2381 1607 2454 supellex,

214 2452 412 2526 (omnis
430 2453 572 2509 enim
592 2455 786 2525 populo
807 2455 1097 2510 mercedem
1117 2455 1344 2526 pendere
1363 2456 1508 2512 iussa
1533 2465 1612 2513 est
1774 2469 1824 2511 15

217 2528 392 2592 arbor,
423 2536 474 2583 et
491 2528 666 2582 eiectis
686 2528 948 2583 mendicat
964 2529 1101 2584 silva
1124 2529 1385 2603 Camenis)

219 2604 276 2658 in
297 2601 492 2658 vallem
510 2601 731 2674 Egeriae
747 2601 1119 2657 descendimus
1135 2611 1187 2659 et
1204 2603 1481 2675 speluncas

218 2675 510 2732 dissimiles
529 2675 691 2730 veris.
739 2675 947 2742 Quanto
966 2678 1318 2745 praestantius
1335 2687 1471 2735 esset

221 2767 423 2807 numen
447 2767 634 2823 aquae,
658 2741 816 2807 viridi
835 2750 881 2805 si
901 2750 1141 2823 margine
1157 2750 1421 2811 clauderet
1437 2748 1610 2809 undas
