2209 3217
570 240 635 292 36
1098 241 1517 289 IUVENALls

568 323 811 415 quaeque
829 340 1052 397 salutato
1069 342 1283 413 crepitat
1301 340 1583 396 Concordia
1605 340 1750 398 nido.

642 417 746 471 Sed
764 433 937 487 quum
955 433 1204 470 summus
1224 416 1391 469 honor
1411 414 1557 469 finito
1576 423 1842 486 computet
1860 433 2025 484 anno,

569 490 803 561 sportula
828 491 961 562 quid
983 488 1184 552 referat,
1207 496 1467 560 quantum
1490 489 1781 543 rationibus
1800 490 1990 559 addat3

566 566 703 636 quid
721 564 911 619 facient
926 564 1162 628 comites,
1186 562 1387 633 quibus
1407 562 1533 616 hinc
1550 571 1687 634 toga,
1711 563 1920 620 calceus
1937 535 2069 622 hino

1375 645 1471 699 est,

460 724 538 766 120
567 720 617 767 et
636 712 789 783 panis
804 711 1093 781 fumusque
1112 708 1294 764 domi?
1328 710 1650 765 Densissima
1667 719 1881 767 centum

569 786 887 857 quadrantes
908 785 1083 839 lectica
1105 784 1251 855 petit,
1276 785 1623 855 sequiturque
1642 787 1892 842 maritum
1931 827 1936 832 -

568 861 821 933 languida
839 859 923 914 vel
946 875 1241 944 praegnans
1261 865 1312 914 et
1327 858 1738 915 circumducitur
1754 877 1901 917 uxor.

567 936 663 989 l-lic
680 936 808 1005 petit
831 934 1051 997 absenti,
1076 940 1197 988 nota
1218 933 1325 987 iam
1342 932 1566 988 callidus
1585 940 1711 998 arte,

568 1008 847 1063 ostendens
869 1024 1091 1063 vacuam
1112 1015 1166 1061 et
1179 1007 1411 1062 clausam
1436 1023 1534 1079 pro
1556 1008 1785 1078 coniuge
1798 1007 2004 1065 sellam.

460 1092 537 1137 125
571 1084 729 1138 Galla
747 1101 861 1138 moa
879 1093 970 1146 est,
993 1082 1183 1153 inquit.
1247 1082 1412 1137 Citius
1433 1086 1653 1135 dimitte.
1693 1082 1969 1138 Morari-s?
1987 1114 2068 1129 -

567 1155 799 1221 »Pr-ofer,
825 1156 994 1221 Galla,
1019 1163 1191 1227 caput.
1205 1176 1231 1209 a
1249 1186 1325 1198 -—
1343 1155 1468 1210 Noli
1486 1173 1700 1221 vexare,
1725 1162 1966 1225 quiescit.

640 1232 759 1301 Ipse
777 1231 889 1285 dies
911 1198 1096 1302 pulcro
1117 1230 1463 1303 distinguitur
1478 1229 1662 1286 ordine
1679 1247 1886 1285 rerum:

567 1303 820 1376 sportula,
842 1305 1031 1360 deinde
1050 1304 1223 1362 forum
1246 1304 1484 1375 iurisque
1500 1304 1701 1375 peritus
1719 1303 1926 1374 Apollo,

569 1388 726 1450 atque
744 1378 1112 1449 triumphales,
1137 1379 1271 1432 iuter
1290 1395 1426 1449 quas
1445 1396 1607 1433 ausus
1625 1379 1817 1433 habere

459 1464 537 1507 130
565 1453 742 1508 nescio
760 1453 885 1523 quis
906 1451 1085 1507 titulos
1102 1451 1397 1525 Aegyptius
1415 1460 1574 1523 atque
1590 1452 1934 1519 Arabarches,

565 1528 720 1582 cuius
739 1526 805 1581 ad
825 1526 1055 1599 effigiem
1076 1543 1184 1582 non
1202 1534 1407 1582 tantum
1425 1528 1615 1582 meiere
1635 1525 1715 1581 sas
1738 1534 1833 1581 est.

566 1599 852 1658 Vestibulis
873 1601 1069 1655 abeunt
1084 1608 1285 1658 veteres
1306 1600 1539 1672 lassique
1554 1600 1767 1655 clientes

569 1685 797 1748 votaque
811 1675 1100 1747 deponunt,
1123 1692 1452 1747 quamquam
1471 1674 1778 1747 longissima
1803 1691 2000 1732 coenae

568 1768 690 1823 spes
709 1750 926 1806 homini.
1001 1750 1192 1806 Caules
1212 1749 1422 1806 miseris
1440 1757 1598 1820 atque
1616 1750 1757 1821 ignis
1775 1752 2064 1807 emendus,

460 1837 536 1880 135
565 1826 777 1897 Optima
795 1824 1052 1880 silvarum
1072 1825 1268 1882 interea
1286 1823 1565 1896 pelagique
1588 1824 1793 1878 vorabit

567 1918 662 1955 rex
680 1900 891 1963 horum,
917 1899 1207 1970 vacuisque
1223 1899 1353 1953 toris
1372 1905 1578 1952 tantum
1598 1898 1711 1968 ipse
1731 1897 1938 1954 iacebit.

567 1976 705 2028 Nam
723 1973 789 2027 de
806 1980 881 2027 tot
899 1972 1097 2043 pulcris
1117 1980 1167 2027 et
1188 1972 1305 2028 latis
1323 1973 1543 2028 orbibus
1559 1980 1610 2027 et
1629 1979 1737 2026 tam

569 2047 803 2118 antiquis
821 2063 929 2101 una
947 2046 1231 2101 comedunt
1247 2046 1561 2117 patrimonia
1582 2063 1784 2102 mensa.

569 2121 764 2177 Nullus
784 2121 889 2174 iam
909 2122 1172 2191 parasitus
1191 2121 1317 2175 erit!
1357 2119 1461 2176 Sed
1483 2121 1606 2192 quis
1625 2119 1755 2175 ferat
1771 2121 1900 2175 istas

460 2204 538 2250 140
567 2196 811 2251 luxuriae
827 2192 1046 2249 sordes?
1082 2193 1289 2260 Quanta
1308 2209 1387 2249 est
1404 2195 1549 2268 gula,
1571 2211 1710 2266 quae
1728 2194 1834 2248 sibi
1855 2203 1994 2253 totos

566 2270 715 2343 ponit
738 2286 910 2341 apros,
933 2269 1130 2324 animal
1151 2277 1359 2340 propter
1376 2270 1616 2324 convivia
1635 2276 1822 2324 natum
1839 2270 1851 2324 1

568 2347 738 2400 Poena
756 2352 933 2399 tamen
951 2360 1218 2415 praesenS,
1243 2360 1416 2414 quum
1429 2350 1487 2398 tu
1507 2343 1729 2414 deponis
1747 2344 2010 2402 amictum

565 2419 831 2493 turgidus,
854 2426 905 2474 et
924 2417 1154 2474 crudum
1171 2433 1431 2504 pavonem
1451 2419 1509 2473 in
1528 2417 1715 2473 balnea
1733 2426 1936 2489 portas.

565 2495 702 2549 Hinc
719 2494 924 2549 subitae
941 2500 1137 2549 mortes
1158 2501 1317 2565 atque
1335 2492 1572 2548 intestata
1589 2500 1853 2547 senectus.

459 2575 538 2620 145
566 2569 612 2622 It
630 2584 766 2623 nova
789 2584 885 2623 nec
904 2568 1068 2623 tristis
1085 2584 1180 2639 per
1196 2574 1411 2622 cunctas
1431 2565 1609 2622 fabula
1626 2582 1841 2623 coenas:

569 2641 779 2696 ducitur
797 2641 943 2695 iratis
960 2641 1323 2712 plaudendum
1339 2640 1508 2695 funus
1526 2639 1726 2695 amicis.

641 2713 729 2768 Nil
748 2715 846 2770 erit
861 2714 1103 2781 ulterius,
1135 2715 1280 2788 quod
1300 2714 1494 2770 nostris
1516 2712 1757 2769 moribus
1775 2714 1942 2773 addat

1841 2951 1872 2986 ,i

2199 197 2209 458 l

2199 469 2209 734 l
