2209 3217
515 311 612 364 438
1043 307 1470 357 IUVENALIS

508 430 605 470 nec
621 410 778 469 vultu
801 409 1020 477 dederit,
1044 426 1258 466 morum
1277 423 1496 481 quoque
1510 406 1675 474 filius,
1695 410 1864 482 etqui

506 489 686 545 omnia
704 487 936 543 deterius
955 497 1044 541 tua
1063 502 1158 557 per
1173 485 1399 557 vestigia
1416 490 1606 555 peccet,

507 563 757 635 corripies
777 561 1054 625 nimirum,
1077 567 1134 615 et
1146 559 1432 632 castigabis
1447 558 1634 613 acerbo

402 651 453 695 55
507 637 753 703 clamore,
777 645 868 692 aut
886 636 1152 708 posthaec
1166 634 1378 689 tabulas
1393 641 1600 688 mutare
1617 632 1867 704 parabis?

510 713 663 769 Unde
683 712 778 767 tibi
796 711 1021 766 frontem
1040 708 1441 780 libertatemque
1456 709 1708 779 parentis,

511 804 685 860 quum
703 786 862 841 facias
880 785 1057 857 peiora
1074 801 1257 849 surrex,
1280 797 1620 854 vanarumque
1642 782 1860 837 cerebro

514 864 621 919 iam
640 861 846 934 pridem
866 868 1028 932 caput
1045 860 1147 914 hoc
1164 866 1380 914 ventosa
1399 858 1672 913 cucurbita
1690 857 1951 931 quaerat?

587 936 802 1010 Hospite
820 944 1062 1001 venturo,
1086 933 1314 989 cessabit
1330 950 1487 989 nemo
1506 939 1741 987 tuorum.

405 1023 458 1067 60
514 1013 671 1070 Verre
688 1011 1073 1084 pavimentum,
1099 1009 1295 1064 nitidas
1313 1008 1531 1063 ostende
1547 1006 1846 1072 columnas,

513 1087 659 1143 arida
682 1103 807 1141 cum
829 1093 933 1140 tota
951 1084 1232 1140 descendat
1250 1097 1436 1138 aranea
1457 1082 1577 1147 tela,

515 1161 603 1217 hic
621 1161 762 1216 lavet
775 1167 1072 1234 argentum,
1094 1176 1224 1215 vasa
1243 1176 1428 1230 aspera
1445 1163 1644 1231 tergeat
1660 1154 1817 1225 alter3

514 1253 620 1291 vox
639 1235 842 1291 domini
862 1235 1038 1291 &emit
1057 1234 1304 1290 instantis
1321 1233 1639 1306 virgamque
1655 1232 1908 1290 tenentis.

510 1311 652 1383 Ergo
671 1311 835 1365 miser
859 1310 1107 1383 trepidas,
1132 1320 1201 1365 ne
1219 1316 1443 1364 stercore
1457 1306 1609 1363 foeda
1625 1308 1818 1363 canino

405 1394 457 1439 65
513 1385 642 1439 atria
661 1384 974 1455 displiceant
991 1383 1161 1440 oculis
1186 1384 1447 1441 venientis
1461 1381 1639 1446 amici,

513 1476 580 1514 ne
597 1456 809 1528 perfusa
828 1457 940 1513 luto
965 1460 1034 1512 sit
1053 1459 1289 1529 porticus
1301 1463 1316 1526 '3
1359 1465 1410 1513 et
1428 1466 1604 1513 tamen
1621 1472 1731 1512 uno

512 1530 747 1587 semodio
764 1531 939 1586 scobis
959 1532 1091 1586 haec
1103 1531 1357 1587 emundat
1375 1531 1626 1588 servulus
1640 1545 1808 1587 unus.

450 1656 455 1661 .
513 1605 654 1662 Illud
674 1621 780 1660 non
802 1605 989 1679 agitas,
1006 1612 1071 1660 ut
1089 1613 1327 1660 sanctam
1346 1606 1494 1661 filius
1509 1607 1660 1662 omni

513 1680 771 1753 adspiciat
784 1680 902 1737 sine
925 1680 1044 1737 labe
1061 1680 1285 1736 domum
1303 1680 1543 1754 vitioque
1559 1680 1857 1737 carentem?

404 1766 458 1810 70
513 1756 738 1812 Gratum
755 1763 853 1823 est,
876 1757 1023 1829 quod
1041 1756 1240 1829 patriae
1256 1756 1428 1818 civem
1448 1755 1977 1830 populoquedsedisti,
2003 1776 2014 1784 ·

512 1832 561 1886 si
579 1829 724 1897 faci8‚
751 1840 814 1887 ut
832 1833 1029 1903 patriae
1048 1834 1120 1887 sit
1135 1832 1380 1900 idoncuS,
1404 1833 1552 1888 utilis
1568 1832 1729 1904 agris,

513 1906 663 1961 utilis
684 1913 734 1961 et
752 1906 1019 1963 bellorum
1033 1916 1084 1963 et
1102 1907 1263 1962 rebus
1281 1909 1425 1979 pacis
1452 1907 1691 1981 agendis.

513 1980 817 2037 Plurimum
848 1982 993 2037 enim
1021 1981 1276 2047 intererit,
1293 1983 1496 2054 quihus
1520 1981 1724 2037 artibus
1742 1988 1795 2036 et
1810 1981 2022 2054 quibus

1320 2058 1467 2112 hunc
1480 2066 1537 2109 tu

514 2129 752 2186 moribus
770 2128 1038 2183 instituas.
1095 2129 1346 2199 Sei-pente
1363 2130 1562 2183 ciconia
1580 2126 1766 2198 pullos·

404 2216 456 2260 75
511 2206 696 2270 nutrit,
717 2209 770 2261 et
793 2203 1003 2259 inventa
1026 2219 1122 2274 per
1139 2201 1437 2257 deviatum
1460 2202 1674 2256 lacerta:

511 2279 592 2335 illi
611 2279 794 2335 eadem
810 2276 1002 2333 sumtis
1021 2283 1284 2350 quaerunt
1302 2276 1549 2331 animalia
1567 2274 1773 2348 pinnis.

512 2354 722 2421 Vultur,
751 2355 990 2409 iumento
1005 2359 1058 2408 et
1080 2352 1306 2408 canibus
1321 2352 1679 2424 omnibusque
1691 2350 1915 2420 relictis,

513 2429 580 2484 ad
601 2429 736 2484 fetus
754 2442 998 2501 properat
1014 2438 1328 2502 partemque
1342 2427 1612 2484 cadaveris
1630 2426 1793 2483 affert.

515 2504 611 2558 Hic
628 2511 706 2557 est
723 2520 848 2577 ergo
866 2504 1018 2560 cibus
1038 2505 1223 2579 magni
1243 2521 1462 2577 quoque
1476 2502 1722 2567 vulturis,
1744 2509 1795 2558 et
1812 2519 1871 2557 se

405 2583 458 2630 80
512 2577 793 2646 pascentis,
816 2579 1029 2650 propria
1048 2598 1220 2653 quum
1241 2581 1346 2635 iam
1365 2579 1488 2636 facit
1506 2580 1691 2636 arbore
1707 2577 1880 2646 nidos.

512 2648 617 2703 Sed
632 2648 860 2718 leporem
882 2660 973 2707 aut
988 2671 1231 2725 capream
1256 2654 1485 2711 famulae
1503 2655 1643 2711 Iovis
1661 2661 1714 2707 et
1728 2663 2018 2725 generosae

513 2722 570 2775 in
591 2720 730 2774 saltu
749 2732 1012 2780 venantur
1029 2745 1184 2785 aves.-
1223 2737 1352 2785 tunc
1373 2729 1568 2802 praeda
1589 2727 1760 2784 cubili

512 2794 753 2865 P⁰¹15²ur2
796 2795 921 2853 inde
944 2807 1143 2868 autem,
1166 2819 1340 2875 quum
1355 2821 1418 2861 se
1435 2811 1642 2860 matura
1666 2800 1860 2861 levabit
