2209 3217
566 222 631 271 68
1099 224 1540 291 mvsiNALls·

565 324 732 397 foeda,
756 324 1027 395 lupanaris
1046 323 1170 379 tulit
1185 324 1255 381 ad
1273 322 1766 396 pulvinatodorem.

564 392 1266 471 Hippomanes'carmenque
1296 399 1507 470 loquar,
1548 405 1860 469 coctumque
1899 416 2065 454 vene-

1373 490 1506 527 num

565 547 921 619 privignoque
937 546 1163 601 datum?
1196 546 1421 601 Faciunt
1438 548 1679 619 graviora
1697 554 1901 602 coactae

457 631 534 674 135
565 622 785 693 imperio
803 617 982 685 sexus,
1006 620 1402 692 minimumque
1425 619 1649 676 libidine
1671 630 1904 692 peccant.

638 695 853 768 Optima
870 695 964 750 sed
980 712 1145 766 quare
1163 694 1418 770 Cesennia
1436 702 1567 749 teste
1585 695 1809 750 marito?

565 771 653 831 Bis
670 771 959 843 quingenta
977 769 1146 837 dedit3
1190 768 1320 823 tanti
1338 777 1486 824 vocat
1505 768 1595 823 ille
1611 770 1879 840 pudicam,

566 862 661 900 nec
678 844 937 917 pharetris
960 844 1179 899 Veneris
1200 861 1371 898 macer
1388 851 1468 899 est
1495 844 1837 915 autlampade
1861 844 2058 903 fervet:

557 920 692 984 ‚inde
710 918 846 973 faces
864 918 1072 974 ardent:
1117 918 1387 974 veniunta
1405 918 1523 974 dote
1540 919 1776 991 sagittae.

460 1001 537 1046 140
566 994 803 1049 Libertas
822 994 1041 1049 emitur:
1080 991 1257 1047 cora'm
1279 992 1398 1047 licet
1416 994 1603 1049 innuat
1621 1001 1779 1065 atque

567 1068 837 1134 rescribam
855 1067 1029 1124 vidua·
1037 1074 1132 1131 est,
1157 1066 1389 1139 locuples
1409 1083 1547 1139 quae
1565 1084 1640 1122 nu
1709 1068 1748 1122 it
1765 1085 1939 1123 avaro.

641 1142 751 1198 Cur
768 1143 1027 1200 desiderio
1043 1142 1263 1197 Bibulae
1280 1141 1539 1197 Sertorius
1556 1159 1615 1196 ar
1651 1140 1739 1196 et?

564 1218 621 1273 Si
640 1235 827 1274 verum
846 1217 1101 1282 excutias,
1122 1215 1298 1282 facies,
1322 1233 1428 1272 non
1446 1231 1585 1271 uxor
1604 1225 1829 1271 amatur.

566 1292 692 1348 Tres
710 1309 875 1365 rugae
891 1292 1135 1357 subeant,
1156 1299 1208 1346 et
1222 1309 1281 1347 se
1295 1291 1433 1347 cutis
1450 1291 1597 1347 arida
1617 1290 1773 1354 laxet,

457 1373 536 1419 145
565 1366 695 1421 fiant
712 1366 924 1422 obscuri
940 1366 1143 1430 dentes,
1164 1365 1411 1437 oculique
1434 1367 1692 1434 minores3

565 1439 752 1514 collige
769 1438 1079 1504 sarcinulas,
1102 1439 1240 1494 dicet
1258 1439 1495 1505 libertus,
1515 1447 1568 1495 et
1583 1440 1697 1496 exi:

565 1515 675 1569 iam
697 1514 878 1587 gravis
896 1530 953 1568 es
973 1513 1148 1578 nobis,
1169 1522 1220 1567 et
1236 1531 1392 1585 saepe
1407 1515 1739 1589 emungeris;
1781 1515 1867 1569 exi

565 1588 732 1654 ocius,
755 1595 806 1643 et
822 1604 1068 1660 propera:
1108 1587 1248 1642 sicco
1265 1588 1410 1643 venit
1426 1587 1585 1644 altera
1604 1606 1747 1646 naso.

564 1665 764 1719 Interea
781 1662 911 1719 calet
927 1669 978 1717 et
988 1668 1197 1737 regnat,
1221 1663 1494 1735 poscitque
1508 1666 1762 1719 maritum

457 1751 535 1795 ¹50
563 1746 796 1811 pastores
816 1745 868 1794 et
884 1755 1038 1794 ovem
1056 1738 1382 1794 Canusinam
1410 1739 1692 1811 ulmosque
1714 1738 1981 1793 Falernas

566 1813 898 1882 Quantulum
917 1813 974 1869 in
993 1812 1132 1869 hoc‘?
1167 1830 1357 1886 pueros
1376 1815 1578 1878 omnes,
1602 1813 1866 1888 ergastula
1882 1821 2019 1882 tota3

563 1889 818 1962 quodque
836 1888 1106 1944 dominon
1132 1896 1212 1943 est
1229 1896 1280 1943 et
1299 1888 1455 1943 babet
1473 1889 1700 1953 vicinus,
1723 1895 1947 1942 ematur.

564 1965 744 2018 Mense
760 1961 979 2034 quidem
997 1962 1237 2027 brumae,
1259 1979 1430 2034 quum
1456 1963 1562 2016 iam
1582 1968 1835 2015 mercator
1854 1963 2012 2018 Iason

564 2037 797 2098 clausus,
825 2041 878 2089 et
894 2035 1111 2090 armatis
1128 2036 1300 2091 obstat
1316 2052 1434 2090 casa
1458 2033 1681 2089 candida
1699 2035 1896 2098 nautis,

458 2123 535 2165 ¹55
563 2108 785 2184 grandia
802 2107 1062 2163 tolluntur
1083 2126 1115 2162 c
1179 2108 1408 2173 stallium
1436 2108 1668 2162 maxima
1686 2123 1874 2162 rursus

567 2183 865 2249 murrhina,
886 2180 1077 2237 deinde
1093 2200 1123 2237 a
1163 2199 1310 2238 amas
1328 2181 1639 2238 notissimus
1657 2187 1708 2235 et
1724 2181 2004 2242 Beronices

565 2262 622 2314 in
641 2258 808 2332 digito
823 2256 991 2313 factus
1009 2256 1309 2329 pretiosior:
1352 2256 1497 2311 hune
1514 2255 1659 2311 dedit
1674 2255 1804 2312 olim

567 2334 826 2389 barbarus
844 2332 1087 2398 incestae,
1110 2330 1255 2387 dedit
1272 2330 1419 2387 hunc
1436 2330 1673 2404 Agrippa
1688 2334 1873 2398 sorori,

564 2409 847 2464 observant
862 2407 958 2463 ubi
969 2405 1105 2463 festa
1125 2424 1271 2462 mero
1288 2406 1421 2478 pede
1439 2406 1656 2462 sabbata
1674 2424 1840 2482 reges,

458 2494 536 2536 ¹60
565 2490 616 2538 et
634 2490 786 2539 vetus
804 2481 1047 2556 indulget
1062 2482 1284 2539 senibus
1299 2480 1575 2539 clementia
1594 2483 1786 2555 porcis.

639 2556 903 2613 »Nullane
927 2557 995 2614 de
1020 2558 1181 2613 tantis
1207 2558 1462 2632 gregibus
1479 2557 1576 2612 tibi
1595 2556 1757 2631 digna
1781 2558 2066 2614 itidemst«

567 2630 646 2685 Sit
664 2630 906 2695 formosa.
933 2632 1143 2699 decens,
1172 2632 1341 2694 dives.
1365 2632 1607 2700 fecunda,
1631 2639 1865 2687 vetustos

566 2705 854 2777 porticibus
871 2706 1120 2778 disponat
1134 2725 1279 2774 avos,
1303 2708 1542 2763 intactior
1558 2707 1704 2761 omni
