2209 3217
516 267 582 320 78
1045 270 1467 318 IUVENALIS

517 375 829 445 ignotosque
846 368 982 423 mihi
1008 376 1148 425 tenet
1167 369 1460 441 antiquaria
1481 384 1684 433 versus,

407 455 486 502 455
517 462 614 502 nec
629 443 860 499 curanda
880 444 1011 499 vitis
1027 445 1207 515 opicae
1223 445 1442 516 castigat
1460 444 1657 497 amicae

516 519 691 574 verba.
747 517 1127 574 Soloecismum
1148 517 1298 571 liceat
1321 517 1507 571 fecisse
1523 517 1729 571 marito.

591 592 680 648 Nil
699 610 805 648 non
824 593 1078 664 permittit
1094 591 1288 646 mulier
1306 591 1429 656 sibi,
1453 599 1607 663 turpe
1622 597 1772 662 putat
1789 590 1888 656 nil,

515 683 689 740 quum
708 667 902 723 virides
917 682 1158 739 gemmas
1173 663 1309 720 collo
1324 664 1686 729 circumdedit,
1710 672 1762 719 et
1777 678 1955 737 quum

517 742 738 797 auribus
757 742 979 797 extentis
998 745 1220 813 magnos
1238 739 1505 794 commisit
1522 739 1786 794 elenchos.

409 825 488 871 460
518 816 903 871 Intolerabilius
927 814 1062 869 nihil
1081 819 1367 886 estsquam
1385 813 1579 868 femina
1599 814 1764 870 dives·

591 892 789 945 Interea
809 888 956 944 foeda
975 895 1190 959 aspectu
1210 889 1534 960 ridendaque
1551 887 1720 963 multo

517 982 653 1036 pane
677 971 845 1019 tumet
867 962 1040 1026 facies»,
1062 970 1154 1017 aut
1169 963 1393 1036 pinguia
1418 964 1730 1034 Poppaeana

517 1041 700 1110 spirat,
728 1046 781 1093 et
800 1037 927 1093 hinc
943 1038 1123 1092 miseri
1141 1039 1411 1096 viscantur
1430 1036 1575 1092 labra
1595 1037 1789 1091 mariti.

517 1113 602 1168 Ad
622 1113 901 1169 moechum
921 1113 1095 1167 veniet
1115 1111 1215 1166 lota
1233 1119 1365 1167 cute.
1430 1110 1654 1177 Quando
1677 1111 1848 1166 videri

408 1195 489 1242 465
519 1186 636 1242 vult
652 1187 877 1244 formosa
896 1185 1081 1241 domi?
1117 1186 1350 1241 moechis
1366 1184 1541 1239 foliata
1559 1193 1841 1256 parantur:

515 1261 603 1315 his
621 1263 833 1326 emitur,
862 1259 1359 1333 quidquidgraciles
1384 1260 1490 1313 huc
1506 1259 1713 1316 mittitis
1734 1260 1873 1315 Indi.

520 1335 755 1390 Tandem
780 1335 946 1405 aperit
963 1334 1175 1388 vultum
1193 1342 1244 1388 et
1262 1335 1469 1388 tectoria
1490 1334 1663 1405 prima
1686 1337 1920 1405 reponit:

522 1409 705 1479 incipit
722 1408 954 1481 agumi,
978 1415 1136 1478 atque
1155 1409 1169 1459 i
1176 1406 1245 1461 llo
1267 1407 1395 1461 lacte
1414 1406 1637 1473 fovetur,

519 1488 730 1555 propter
744 1480 890 1552 quod
909 1496 1088 1534 secum
1110 1480 1328 1534 comites
1344 1480 1520 1535 educit
1544 1482 1750 1547 asellaS‚

409 1565 489 1611 470
517 1556 669 1612 exsul
694 1554 1088 1629 Hyperboreum
1110 1555 1157 1607 si
1176 1553 1471 1609 dimittatur
1490 1555 1557 1610 ad
1582 1574 1754 1613 axem.

519 1630 624 1686 Sed
640 1646 778 1702 quae
797 1628 1012 1683 mutatis
1031 1627 1301 1683 inducitur
1319 1636 1479 1701 atque
1497 1627 1702 1688 fovetur

519 1712 593 1761 tot
611 1703 1052 1759 medicaminibus
1071 1709 1347 1775 coctaeque
1366 1704 1598 1779 siliginis
1609 1706 1742 1761 offas

518 1778 705 1851 accipit
719 1786 772 1834 et
787 1777 1049 1843 madidae,
1073 1777 1232 1833 facies
1249 1778 1470 1844 dicetur,
1500 1799 1568 1836 an
1587 1780 1776 1836 ulcus?

592 1855 689 1909 Est
707 1870 894 1925 operae
910 1853 1157 1925 pretium,
1186 1855 1399 1926 penitus
1417 1872 1743 1928 cognoscere,
1765 1862 1874 1910 toto

410 1938 490 1984 475
518 1928 653 2001 quid
669 1928 861 1984 faciant
878 1929 1183 2002 agitentque
1198 1929 1304 1984 die.
1364 1929 1420 1985 Si
1439 1937 1589 1985 nocte
1605 1930 1827 1985 maritus

521 2020 738 2059 aversus
757 2002 941 2070 iacuit3
983 2002 1140 2074 periit
1156 2002 1385 2069 libraria,
1410 2011 1616 2074 ponunt

520 2084 778 2132 cosmetae
795 2077 1018 2142 tunicas,
1044 2077 1190 2133 tarde
1208 2079 1417 2132 venisse
1435 2077 1704 2131 Liburnus

519 2151 714 2206 dicitur
732 2158 782 2207 et
798 2167 996 2223 poenas
1019 2150 1419 2223 alienipendere
1436 2150 1611 2204 somni

520 2226 753 2300 cogitur:
794 2225 887 2281 bic
900 2224 1097 2300 frangit
1113 2224 1325 2289 ferulas,
1356 2223 1509 2279 rubet
1525 2222 1616 2278 ille
1632 2220 1881 2296 flagellis,

411 2307 493 2354 48⁰
521 2301 609 2355 hic
626 2300 853 2356 scutica}
902 2308 1047 2365 sunt,
1075 2316 1213 2372 quae
1232 2297 1513 2353 tortoribus
1533 2314 1710 2353 annua
1730 2309 2002 2369 praestent

520 2375 786 2440 Verberat,
809 2382 968 2446 atque
985 2374 1154 2429 obiter
1171 2372 1357 2427 faciem
1374 2371 1519 2441 linit;
1565 2372 1714 2427 audit
1730 2375 1953 2442 amicas,

521 2455 613 2504 aut
638 2448 802 2503 latum
824 2449 992 2520 pictae
1010 2447 1173 2503 vestis
1191 2446 1485 2503 considerat
1503 2464 1713 2512 aurum,

520 2532 572 2579 et
588 2523 783 2590 caedit3
825 2522 972 2596 longi
992 2521 1175 2594 relegit
1199 2529 1457 2577 transacta
1481 2523 1680 2587 diurni,

521 2603 573 2651 et
589 2595 773 2659 caedit,
796 2595 961 2651 donec
980 2596 1135 2651 lassis
1154 2596 1491 2652 caedentibus
1508 2598 1633 2652 EXI
1767 2643 1772 2646 .

413 2678 494 2724 485
521 2670 722 2724 intonat
739 2669 1082 2735 horrendum,
1106 2672 1213 2728 iam
1234 2672 1531 2745 cognitione
1549 2678 1771 2743 peracta.

598 2741 920 2796 Praefectura
938 2743 1132 2800 domus
1148 2744 1323 2800 Sicula
1341 2763 1445 2801 non
1469 2748 1644 2803 mitior
1667 2744 1807 2800 aula.
