2209 3217
524 240 593 290 80
1056 242 1474 289 1UVENAL18

420 354 498 397 520
525 350 603 407 ut,
630 339 896 413 quidquid
915 341 1079 395 subiti
1097 348 1150 396 et
1170 341 1347 415 magni
1365 338 1686 395 discriminis
1710 339 1887 405 instat,

530 418 586 470 in
605 415 807 469 tunicas
825 422 907 469 eat
925 424 976 470 et
993 423 1162 470 totum
1180 415 1342 471 semel
1363 415 1537 485 expiet
1553 430 1774 468 annum.

528 490 821 544 Hibernum
838 489 995 544 fracta
1011 489 1178 562 glacie
1189 488 1471 562 descendet
1488 488 1541 542 in
1570 505 1780 543 amnem
1795 506 1807 557 ς

530 572 608 618 ter
626 564 883 619 matutino
901 564 1076 618 Tiberi
1096 570 1377 635 mergetur,
1400 570 1451 616 et
1467 563 1599 634 ipsis

532 638 819 693 vorticibus
837 637 1084 691 timidum
1103 643 1261 706 caput
1278 635 1480 690 abluet:
1496 656 1506 666 ·
1523 636 1647 690 inde
1664 634 1890 707 Superbi

426 724 502 768 525
530 721 697 767 totum
717 713 856 785 regis
874 727 1061 784 agrum
1085 710 1228 764 nuda
1245 727 1306 765 ac
1322 709 1668 764 tremebunda
1684 712 1917 766 cruentis

532 794 704 859 erepet
723 786 960 860 genibus
1023 784 1080 839 Si
1098 784 1322 839 candida
1343 785 1555 839 iusserit
1570 786 1644 849 Io,

536 862 632 917 ibit
650 861 716 915 ad
734 859 958 933 Aegypti
980 858 1158 924 finem,
1181 859 1455 931 calidaque
1472 859 1657 931 petitas

536 954 567 990 a
586 937 756 991 Meroe
773 934 999 1006 portabit
1015 947 1200 1006 aquas,
1226 942 1286 988 ut
1302 942 1513 1007 spargat
1536 934 1593 987 in
1616 932 1797 987 aedem

535 1010 710 1072 Isidis,
739 1010 956 1082 antiquo
973 1025 1110 1081 quae
1127 1009 1368 1080 proxima
1385 1008 1558 1081 surgit
1572 1007 1720 1062 ovili.

431 1096 509 1140 530
537 1084 714 1140 Credit
729 1084 871 1138 enim
892 1084 1061 1155 ipsius
1079 1082 1324 1139 dominae
1341 1100 1400 1138 se
1416 1099 1542 1137 voce
1560 1082 1781 1137 moneri.

536 1159 621 1213 En
639 1159 879 1213 animum
896 1166 947 1213 et
957 1165 1183 1213 mentem
1191 1200 1203 1223 ,
1217 1174 1342 1213 cum
1354 1174 1461 1229 qua
1472 1156 1533 1210 Di
1544 1162 1691 1210 nocte
1700 1155 2002 1227 loquuntur
2017 1161 2030 1213 ἔ

537 1233 679 1304 Ergo
686 1231 775 1286 hic
783 1233 1124 1305 praecipuum
1136 1230 2009 1304 summumquemereturhonerem
2016 1276 2031 1299 ,

540 1307 635 1378 qui
653 1322 818 1378 grege.
830 1305 1052 1379 linigero
1069 1306 1426 1362 circumdatus
1448 1314 1499 1361 et
1515 1321 1673 1379 grege
1690 1304 1842 1361 calvo

539 1379 841 1451 plangentis
859 1380 1044 1450 populi
1062 1382 1228 1434 currit
1244 1380 1444 1434 derisor
1462 1379 1685 1434 Anubis.

433 1465 510 1509 535
539 1452 633 1509 Ille
650 1452 778 1523 petit
796 1452 1025 1518 veniam,
1047 1455 1256 1524 quoties
1274 1470 1380 1507 non
1400 1453 1627 1509 abstinet
1643 1462 1780 1509 uxor

538 1524 820 1583 concubitu
837 1526 1001 1579 sacris
1020 1526 1468 1597 observandisque
1484 1526 1701 1582 diebus:

539 1616 841 1675 magnaque
864 1599 1080 1656 debetur
1100 1599 1291 1655 violato
1305 1616 1471 1671 poena
1488 1600 1725 1657 cadurco.

541 1677 610 1731 Et
632 1676 862 1732 movisse
879 1682 1037 1747 caput
1053 1675 1169 1732 visa
1191 1682 1273 1731 eet
1294 1683 1535 1749 argentea
1556 1692 1801 1748 serpens:

544 1751 688 1807 illius
708 1748 970 1806 lacrumae
986 1750 1338 1823 meditataque
1354 1768 1629 1807 murmura
1647 1758 1946 1822 praestant,-

426 1835 515 1881 540
542 1833 605 1881 ut
622 1826 832 1881 veniam
853 1825 1042 1898 culpae
1060 1842 1165 1881 non
1184 1825 1399 1892 abnuat,
1421 1842 1605 1882 ansere
1624 1842 1818 1899 magno

545 1900 740 1955 scilicet
755 1907 807 1955 et
823 1902 968 1955 tenui
985 1918 1195 1973 popano
1210 1909 1510 1974 corruptus,
1529 1900 1715 1957 Osiris.

618 1972 796 2039 Quum
824 1972 970 2033 dedit
986 1975 1077 2030 ille
1095 1974 1299 2045 locum;
1339 1975 1566 2046 cophino
1584 1973 1840 2045 foenoque
1860 1976 2048 2033 relicto
2130 1979 2137 1985 '
2169 1943 2170 1954 ἵ

546 2063 789 2102 arcanam
806 2046 995 2102 iudaea
1013 2056 1244 2106 tremens
1262 2050 1528 2105 mendicat
1546 2050 1602 2102 in
1622 2049 1824 2113 au'rem,

546 2123 802 2193 interpres
823 2119 1004 2194 legum
1023 2121 1112 2177 Sol
1209 2141 1359 2179 arum
1381 2131 1433 2177 et
1450 2136 1644 2194 magna
1660 2123 1908 2178 sacerdos

441 2206 517 2252 545
547 2195 748 2251 arboris
765 2212 826 2249 ac
842 2197 1046 2251 summi
1064 2196 1099 2251 fi
1139 2216 1169 2253 a
1188 2195 1505 2252 internuntia
1523 2191 1671 2249 coeli.

546 2270 734 2343 Implet
754 2278 806 2325 et
824 2268 925 2324 illaa
933 2287 1172 2336 manum,
1193 2271 1287 2325 sed
1304 2269 1540 2342 paucius:
1583 2283 1701 2322 aere
1721 2267 1937 2326 minuto

546 2344 956 2417 qualiacumque
972 2345 1117 2401 voles
1138 2344 1315 2399 Iudaei
1339 2343 1545 2398 somnia
1564 2341 1823 2397 vendunt.

547 2418 777 2492 Spondet
793 2425 1075 2474 amatorem
1096 2426 1354 2484 tenerum,
1378 2416 1462 2473 vel
1481 2416 1662 2472 divitis
1679 2416 1794 2472 orbi

547 2501 916 2549 testamentum
935 2492 1143 2580 ingene,
1164 2490 1362 2548 calidae
1379 2491 1632 2565 pulmone
1651 2490 1932 2548 columbae

442 2576 519 2619 550
547 2574 778 2630 tractato,
796 2566 1082 2623 Armenius
1102 2566 1186 2623 vel
1207 2566 1597 2642 Commagenus
1618 2567 1912 2637 haruspexz

699 2658 756 2694 ra
776 2639 1049 2709 pullorum
1063 2642 1287 2698 rimatur
1304 2650 1355 2699 et
1369 2651 1488 2698 exta
1507 2640 1694 2705 catelli,

552 2713 818 2768 interdum
838 2719 891 2764 et
912 2716 1089 2784 pueri3
1132 2715 1299 2782 saciet,
1324 2717 1470 2790 quod
1487 2715 1681 2771 deferat
1697 2714 1829 2784 ipse.
