2209 3217
546 238 611 290 90
1071 239 1488 290 IUVENALIS
2045 281 2056 290 .
2107 0 2161 398 ἱ

544 340 924 413 Illyricumque
948 338 1087 396 latus
1105 362 1119 397 ε
1161 358 1316 413 parce
1331 348 1383 396 et
1400 338 1723 395 messoribus
1735 337 1865 403 illis,

544 415 643 485 qui
667 420 905 469 saturant
922 415 1111 470 urbem
1138 416 1288 470 Circo
1305 429 1595 486 scenaeque
1610 413 1909 469 vacantem.

545 487 753 561 Quanta
787 495 962 543 autem
990 489 1116 543 inde
1141 487 1274 543 feres
1295 496 1401 556 tam
1418 489 1562 543 dirae
1581 488 1814 559 praemia
1831 487 2037 561 culpae,

439 572 518 616 120
546 578 719 634 quum
742 569 922 617 tenues
942 579 1113 633 nuper
1135 562 1334 618 Marius
1351 562 1659 617 discinxerit
1678 560 1874 617 Afros?

547 636 859 693 Curandum
879 636 936 691 in
955 636 1164 707 primis,
1189 653 1256 690 ne
1280 653 1473 708 magna
1494 636 1689 692 iniuria
1715 635 1807 690 fiat

545 710 769 766 fortibus
787 718 839 766 et
855 709 1085 766 miseris.
1127 709 1302 766 Tollas
1320 709 1438 765 licet
1453 726 1630 776 omne,
1651 710 1797 783 quod
1807 727 2042 783 usquam

1350 792 1433 840 est

547 861 663 914 auri
691 866 849 931 atque
871 859 1100 931 argenti}
1142 866 1354 915 scutum
1384 857 1731 933 gladiumque
1749 857 2023 930 relinques

545 942 597 990 et
615 932 783 989 iacula
800 940 852 989 et
867 932 1101 1007 galeam:
1145 933 1382 1006 spoliatis
1400 951 1546 988 arma
1565 941 1869 1004 supersunt.

438 1018 517 1063 ¹25
545 1008 700 1076 Quod
717 1008 873 1064 modo
891 1008 1161 1080 proposui,
1185 1025 1293 1064 non
1309 1016 1387 1063 est
1406 1007 1687 1064 sententia:
1728 1023 1920 1062 verum

545 1083 739 1138 credite
754 1100 843 1139 me
861 1083 1012 1138 vobis
1029 1081 1219 1138 folium
1243 1083 1455 1139 recitare
1471 1080 1726 1155 Sibyllae.

544 1157 601 1211 Si
620 1158 716 1211 tibi
736 1165 914 1213 sancta
932 1157 1119 1213 cohors
1138 1158 1410 1222 comitum,
1432 1157 1479 1211 si
1498 1172 1656 1211 nemo
1670 1154 1908 1210 tribunal

544 1229 726 1286 vendit
752 1233 1133 1295 Acersecomes‚
1172 1232 1219 1287 si
1249 1230 1459 1288 nullum
1487 1231 1545 1285 in
1567 1229 1793 1303 coniuge
1814 1231 2013 1285 crimer

545 1320 640 1359 nec
656 1321 752 1375 per
768 1314 1060 1362 conventus
1077 1322 1175 1362 nec
1191 1314 1379 1368 cuncta
1397 1323 1489 1377 per
1507 1304 1698 1377 oppida
1716 1305 1901 1360 curvis

435 1387 516 1432 180
545 1377 819 1451 unguibus
838 1380 914 1433 ire
931 1388 1079 1450 parat
1099 1398 1293 1435 numos
1313 1387 1526 1451 raptura
1543 1378 1792 1436 Celaeno:

545 1460 674 1505 tunc
689 1450 808 1505 licet
824 1469 857 1504 a
882 1453 1003 1507 Pico
1020 1470 1268 1509 numeres
1284 1470 1475 1526 genus,
1500 1452 1708 1526 altaque
1726 1454 1774 1508 si
1793 1461 1844 1509 te

543 1524 760 1580 nomina
779 1523 1052 1590 delectant.
1074 1542 1288 1582 omnem
1311 1526 1552 1582 Titanida
1572 1545 1810 1601 pugnam

544 1600 682 1655 inter
698 1598 924 1656 maiores
942 1599 1229 1672 ipsumque
1247 1601 1552 1656 Promethea
1568 1618 1764 1673 ponas:

542 1674 610 1729 de
627 1687 969 1747 quocumque
985 1672 1131 1730 voles
1155 1692 1414 1747 proavum
1432 1676 1530 1731 tibi
1547 1676 1745 1732 sumito
1765 1676 1916 1732 libro.

437 1760 515 1805 135
541 1749 698 1817 Quod
713 1749 763 1805 si
779 1749 1115 1823 praecipitem
1133 1750 1270 1824 rapit
1286 1751 1506 1807 ambitio
1522 1759 1681 1824 atque
1697 1750 1883 1817 libido,

543 1825 592 1880 si
609 1823 811 1899 frangis
827 1825 1007 1900 virgas
1026 1825 1292 1881 sociorum
1311 1826 1368 1881 in
1387 1829 1666 1902 sauguine,
1687 1827 1737 1882 si
1756 1834 1807 1882 te

543 1899 800 1956 delectant
814 1899 1026 1957 hebetes
1044 1900 1185 1956 lasso
1200 1900 1379 1957 lictore
1395 1918 1603 1958 secures
1617 1920 1631 1970 3

545 1973 733 2045 incipit
749 1973 990 2045 ipsorum
1007 1982 1188 2031 contra
1207 1983 1260 2031 te
1274 1984 1413 2031 stare
1430 1982 1706 2047 parentum

545 2046 809 2113 nobilitas,
831 2047 1139 2121 claramque
1156 2048 1322 2106 facem
1339 2048 1597 2122 praeferre
1617 2046 1906 2119 pudendiS.

437 2130 517 2176 14⁰
544 2121 717 2177 Omne
742 2122 910 2177 animi
930 2123 1124 2179 vitium
1142 2132 1288 2181 tanto
1305 2124 1630 2194 conspectius
1650 2122 1706 2176 in
1731 2136 1790 2174 se

544 2195 743 2252 crimen
763 2196 939 2263 habet,
1041 2206 1165 2255 anto
1182 2199 1368 2261 maior,
1392 2197 1485 2269 qui
1503 2202 1697 2268 peccat,
1718 2194 1966 2253 habetur.

545 2269 663 2338 Quo
680 2271 816 2328 mihi
832 2279 900 2338 te.
922 2288 984 2327 so
1004 2272 1140 2329 itum
1159 2272 1317 2329 falsas
1336 2271 1548 2345 signare
1562 2268 1780 2326 tabellas

544 2345 603 2400 in
619 2345 852 2419 templis.
875 2363 1015 2418 quae
1031 2345 1153 2404 fecit
1170 2365 1320 2412 avus,
1344 2354 1681 2418 statuamque
1698 2346 1933 2418 parentis

545 2427 666 2475 ante
681 2420 1095 2492 triumphalem?
1130 2439 1257 2494 quo,
1280 2422 1328 2478 si
1348 2428 1637 2478 nocturnus
1654 2418 1860 2476 adulter

437 2501 518 2547 145
544 2501 778 2565 tempora
794 2494 1074 2550 Santonico
1092 2496 1237 2551 velas
1253 2496 1497 2569 adoperto
1514 2493 1759 2552 cucullo?

547 2568 753 2623 Praeter
776 2569 1040 2624 maiorum
1057 2570 1259 2626 cineres
1276 2578 1435 2643 atque
1450 2587 1571 2627 ossa
1594 2569 1796 2627 volucri

544 2650 789 2713 carpento
810 2643 1011 2713 rapitur
1027 2643 1247 2717 pinguis
1271 2645 1621 2719 Damasippus
1634 2645 1834 2716 etipse,

547 2717 660 2787 ipse
680 2721 846 2771 rotam
862 2716 1147 2790 adstringit
1165 2718 1334 2774 multo
1352 2718 1651 2776 sufflamine
1670 2717 1867 2775 Consul
1886 2739 1898 2774 ε
