2209 3217
692 257 976 304 SATIRA
1009 258 1101 302 m.
1569 254 1635 306 49

157 372 316 426 quam
337 356 465 410 satis
490 362 585 420 est,
607 354 875 410 interdum
893 355 1065 410 aliena
1083 357 1312 411 sumitur
1334 376 1466 414 arca.

158 431 450 485 Commune
466 430 520 485 id
547 430 742 486 vitium
760 438 857 485 est.
921 430 1017 484 Hic
1035 430 1269 484 vivimus
1291 434 1561 488 ambitiosa

154 512 457 577 paupertate
478 522 685 560 omnes.
743 504 883 572 Quid
903 512 955 560 te
973 503 1190 566 mereri
1222 504 1414 561 Omnia
1429 509 1622 564 Romae

155 597 275 634 cum
294 581 478 651 pretio.
520 579 665 646 Quid
685 579 796 646 dae,
814 589 870 634 ut
880 579 1105 635 Cossum
1117 578 1640 652 aliquandoaalutee‘l

156 663 214 709 ut
230 662 278 708 te
294 653 536 726 respiciat
553 653 733 709 clauso
750 655 962 711 Veiento
982 653 1209 710 labello?
1672 668 1749 712 185

155 729 244 784 Ille
263 729 411 784 metit
428 729 666 793 barbam,
687 730 885 785 crinem
903 730 992 785 hic
1006 730 1221 801 deponit
1238 730 1427 785 amati:

154 804 304 876 plena
322 804 516 859 domus
538 803 661 859 libis
677 804 975 859 venalibus,
1031 805 1239 876 Accipe,
1263 812 1314 860 et
1331 804 1468 860 illud

154 879 467 935 fermentum
485 879 584 933 tibi
610 878 768 934 habe:
811 887 1073 950 praestare
1090 881 1285 936 tributa
1302 880 1519 936 clientes

154 954 411 1028 cogimur,
439 960 491 1008 et
508 952 666 1008 cultis
683 970 873 1025 augere
891 954 1093 1025 peculia
1113 955 1301 1010 servis,

225 1028 362 1096 Quis
380 1029 531 1086 timet
547 1037 640 1083 aut
661 1025 840 1083 tilnuit
855 1028 1031 1101 gelida
1051 1031 1322 1085 Praeneste
1341 1031 1574 1095 ruinam,
1675 1042 1751 1085 19⁰

154 1111 242 1159 aut
257 1104 446 1176 positis
466 1120 736 1159 nemorosa
756 1103 893 1158 inter
910 1105 1035 1176 iuga
1057 1104 1324 1164 Volsiniis,
1349 1112 1440 1159 aut

154 1178 489 1252 simplicibus
509 1178 710 1243 Gabiis,
731 1187 823 1232 aut
842 1180 994 1250 proni
1018 1179 1233 1233 Tiburis
1249 1178 1401 1234 arce?

152 1256 258 1310 Nos
277 1253 468 1309 urbem
486 1253 711 1308 colimus
728 1256 872 1309 tenui
892 1254 1108 1309 tibicine
1123 1252 1308 1309 fultam

151 1347 347 1404 magna
366 1336 513 1400 parte
530 1329 637 1384 sui.
694 1330 828 1384 Nam
849 1330 928 1384 sic
945 1327 1244 1385 labentibus
1261 1330 1430 1385 obstat

153 1405 366 1460 villicus
386 1412 454 1468 et,
479 1404 669 1459 veteris
688 1405 852 1459 rimae
870 1422 1038 1477 quum
1060 1406 1190 1460 texit
1208 1405 1430 1472 hiatum,
1677 1417 1751 1460 195

152 1497 366 1536 securos
385 1477 643 1551 pendente
662 1480 807 1534 iubet
831 1480 1061 1535 dormire
1078 1482 1253 1536 ruina.

152 1554 457 1612 vivendum
477 1553 697 1619 estillic,
721 1556 815 1610 ubi
835 1555 983 1610 nulla
1000 1554 1262 1621 incendia,
1288 1556 1421 1613 nulli

152 1639 302 1687 nocte
318 1637 513 1685 metus.
578 1631 690 1686 Iam
711 1632 878 1703 poscit
897 1648 1111 1758 εᾳέιίιω,
1137 1631 1246 1685 iam
1263 1630 1449 1686 frivola
1477 1640 1649 1685 trans-

981 1722 1011 1758 e

155 1779 446 1854 Ucalegon3
488 1778 722 1833 tabulata
738 1778 836 1832 tihi
855 1779 960 1832 iam
979 1778 1130 1831 tertia
1151 1776 1383 1832 fumant:

138 1859 207 1911 ‘tu
226 1855 430 1911 naecis.
491 1853 626 1906 Nam
645 1852 693 1906 si
710 1851 967 1924 gradibus
991 1850 1282 1922 trepidatur
1303 1850 1370 1905 ab
1387 1851 1527 1915 imis,
1682 1862 1759 1906 200

152 1930 383 1986 ultimus
409 1924 630 1989 ardebit,
653 1943 815 1997 quem
834 1925 1009 1999 tegula
1030 1925 1140 1980 sola
1159 1933 1336 1981 tuetur

153 2022 181 2060 a
196 2004 408 2078 pluvia,
434 1999 621 2056 molles
640 2001 732 2056 ubi
755 2001 979 2056 reddunt
995 2018 1095 2056 ova
1114 2001 1402 2058 columbae.

153 2080 342 2136 Lectus
363 2083 476 2134 erat
496 2076 666 2132 Codro
683 2077 901 2133 Procula
920 2078 1111 2144 minor,
1134 2079 1324 2134 urceoli
1341 2096 1454 2144 sex,

151 2161 527 2210 ornamentum
548 2152 714 2218 abaci,
738 2170 834 2208 nec
852 2171 957 2209 non
982 2161 1033 2209 et
1055 2155 1312 2228 parvulus
1333 2153 1468 2210 infra

153 2230 441 2285 cantharus
464 2235 516 2283 et
532 2230 790 2284 recubans
809 2230 912 2285 suh
931 2229 1114 2285 eodem
1133 2247 1392 2286 marmore
1412 2229 1636 2286 Chiron:
1681 2239 1757 2281 205

156 2308 374 2377 iamque
393 2310 544 2358 vetus
564 2304 789 2361 Graecos
805 2306 1048 2361 servabat
1063 2306 1194 2361 cista
1214 2305 1438 2369 libellos,

152 2387 204 2434 et
218 2379 417 2435 *divina
438 2378 573 2450 opici
592 2380 843 2436 rodebant
859 2380 1095 2436 carmina
1112 2398 1309 2436 mures.

153 2454 242 2510 Nil
263 2453 460 2510 habuit
480 2454 710 2511 Codrus:
734 2456 858 2528 quis
877 2455 1021 2510 enirn
1041 2454 1232 2529 negat?
1250 2462 1301 2508 et
1318 2463 1493 2506 tamen
1524 2450 1655 2507 illud

153 2529 391 2602 perdidit
409 2528 594 2585 infelix
610 2538 779 2585 totum
801 2528 935 2584 nihil
951 2549 963 2584 :
1005 2529 1231 2583 ultimus
1247 2536 1425 2581 autem

155 2622 447 2661 aerumnae
463 2603 735 2668 cumulus,
749 2603 894 2675 quod
912 2602 1119 2657 nudum
1129 2601 1353 2658 eth-usta
1364 2609 1628 2677 rogantem
1683 2612 1762 2654 210

156 2697 321 2736 nano
341 2679 478 2745 cibo,
501 2695 660 2735 nemo
677 2677 906 2749 hospitio
925 2684 1164 2750 tectoque
1182 2677 1402 2732 iuvabit.

157 2756 211 2811 Si
233 2772 436 2829 magna
454 2753 636 2811 Arturi
654 2752 839 2810 cecidit
855 2752 1075 2808 domus:
1117 2751 1329 2809 horrida
1347 2762 1531 2816 mater,

234 2850 475 2903 Iuvmm„
1400 2844 1444 2895 D
