2209 3217
684 291 974 338 SATIRA
1009 293 1124 340 VH·
1583 291 1649 344 87

151 386 448 443 Contentus
466 385 609 442 fama
628 388 788 444 iaceat
812 390 1058 446 Lucanus
1082 391 1136 445 in
1157 392 1320 448 hortis

152 462 495 516 marmoreis:
540 471 592 516 at
610 462 833 519 Serrano
852 465 1104 536 tenuique
1120 464 1289 521 Saleio
1711 485 1763 526 80

152 535 327 610 gloria
345 535 675 608 quantalibet
692 537 824 610 quid
843 539 956 603 erit,
978 539 1025 594 si
1040 539 1210 613 gloria
1230 547 1432 597 tantum
1456 547 1572 601 ast?

154 610 406 667 Curritur
425 610 494 665 ad
509 628 691 667 vocem
710 612 996 669 iucundam
1014 622 1066 668 et
1082 631 1296 670 carmen
1319 617 1514 675 amicae

153 684 475 750 Thebaidos,
504 684 694 742 laetam
710 704 884 759 quum
908 688 1026 744 fecit
1043 688 1241 744 Statius
1259 690 1446 747 urbem

154 759 510 831 promisitque
525 759 695 818 diem:
737 770 878 818 tanta
898 763 1177 820 dulcedine
1193 772 1373 836 captos

155 833 322 888 afficit
339 832 429 888 ille
448 835 673 902 animos,
695 843 946 908 tantaque
963 837 1186 894 libidine
1210 839 1361 913 vulgi
1712 856 1761 898 85

157 908 410 976 auditur-3
451 908 564 974 sed,
588 927 760 982 quum
778 910 931 984 fregit
949 912 1202 969 subsellia
1226 931 1405 979 versu,

154 982 341 1048 esurit,
366 982 612 1038 intactam
633 985 806 1040 Paridi
830 986 939 1044 nisi
954 987 1148 1044 vendat
1166 988 1403 1062 Agaven.

156 1057 254 1112 Ille
270 1065 323 1112 et
341 1056 559 1114 militiae
577 1058 762 1114 multis
783 1059 1002 1133 largitur
1022 1062 1296 1129 honorem,

153 1131 401 1187 semestri
418 1139 601 1188 vatum
621 1132 817 1207 digitos
833 1136 1167 1209 circumligat
1188 1153 1337 1193 auro.

152 1205 314 1273 Quod
331 1222 438 1264 non
457 1205 585 1263 dant
599 1226 855 1280 proceres,
869 1210 1017 1265 dabit
1025 1211 1233 1268 histrio.
1273 1212 1355 1267 Tu
1364 1211 1671 1270 Camerinos
1709 1226 1761 1269 90

151 1290 204 1336 et
218 1282 431 1346 Bareas,
460 1289 518 1337 tu
539 1283 802 1339 nobilium
821 1302 1016 1357 magna
1040 1285 1172 1340 atria
1197 1285 1388 1343 curas?

151 1354 439 1429 praefectos
461 1356 678 1429 Pelopea
703 1357 842 1424 facit,
864 1358 1156 1415 Philomela
1170 1360 1431 1418 tribunos.

151 1430 311 1486 Haud
332 1437 506 1486 tamen
522 1431 760 1489 invideas
778 1434 902 1499 vati,
921 1451 1081 1506 quem
1101 1434 1306 1508 pulpita
1326 1446 1569 1508 pascunt.

150 1505 289 1572 Quis
307 1505 404 1559 tibi
421 1507 726 1564 Maecenas?
761 1509 885 1581 quis
905 1527 1053 1566 nunc
1067 1511 1166 1567 erit
1182 1518 1274 1566 aut
1293 1512 1613 1577 Proculeius,

152 1588 243 1636 aut
262 1580 501 1635 Fabius?
530 1583 654 1653 quis
667 1583 814 1640 Cotta
834 1584 1062 1641 iterum?
1087 1586 1213 1658 quis
1224 1587 1481 1643 Lentulus
1490 1587 1656 1643 alter?
1708 1598 1759 1641 95

151 1656 306 1710 Tunc
321 1672 419 1727 par
438 1651 654 1729 in’genio
671 1660 899 1730 pretium
918 1681 930 1714 ε
971 1667 1100 1715 tunc
1119 1660 1249 1716 utile
1267 1661 1472 1726 multis,

151 1729 350 1803 pallere
367 1738 419 1784 et
436 1731 625 1786 vinum
644 1738 750 1786 toto
769 1734 970 1787 nescire
984 1734 1276 1788 Decembri.

220 1805 409 1861 Vester
428 1820 584 1874 porro
600 1804 748 1857 labor
767 1804 1054 1867 fecundior,
1080 1805 1419 1859 historiarum

151 1876 476 1951 scriptores?
513 1876 646 1930 Petit
662 1876 750 1930 hic
773 1875 897 1946 plus
914 1878 1184 1946 temporis,
1208 1884 1367 1946 atque
1381 1877 1483 1933 olei
1501 1878 1652 1950 plus3

149 1967 391 2023 namque
411 1948 574 2003 oblita
592 1949 735 2004 modi
755 1949 1036 2005 millesima
1056 1951 1249 2024 pagina
1266 1952 1440 2026 surgit
1677 1965 1757 2008 1⁰⁰

147 2027 426 2089 omnihus,
451 2031 502 2079 et
519 2024 705 2079 crescit
723 2024 890 2081 multa
907 2024 1161 2081 damnosa
1178 2042 1395 2100 papyro·

148 2103 234 2159 Sic
253 2103 451 2175 ingens
468 2116 648 2154 rerum
668 2117 924 2157 numerus
943 2100 1088 2156 iubet
1104 2108 1264 2174 atque
1278 2118 1497 2174 operum
1519 2102 1624 2159 lex.

147 2176 296 2245 Quae
312 2186 491 2230 tamen
511 2174 634 2230 inde
652 2175 839 2250 seges?
871 2184 1034 2233 terrae
1050 2176 1175 2249 quis
1184 2177 1389 2233 fructus
1398 2178 1638 2251 apertae?

148 2249 295 2318 Quis‘
302 2249 450 2305 dabit
468 2250 733 2317 historico,
755 2258 1018 2324 quantum
1036 2252 1183 2308 daret
1199 2260 1310 2308 acta
1332 2252 1562 2326 legenti?

150 2325 255 2382 Sed
273 2344 298 2376 n
306 2341 480 2399 genus
497 2324 773 2398 ignavum,
794 2327 940 2399 quod
959 2326 1090 2382 lecto
1106 2327 1302 2400 gaudet
1318 2336 1370 2382 et
1391 2328 1637 2384 umbram
1677 2341 1753 2385 105

224 2400 322 2455 Dic
339 2400 520 2473 igitur,
545 2401 679 2472 quid
693 2402 975 2458 causidicis
994 2402 1173 2457 civilia
1197 2409 1460 2473 praestent

150 2474 340 2540 officia,
362 2481 415 2529 et
431 2491 624 2548 magno
641 2477 857 2533 comites
876 2476 935 2531 in
953 2474 1091 2531 fasce
1108 2474 1311 2531 libelli?

151 2550 258 2621 Ipsi
279 2566 474 2623 magna
491 2558 711 2618 sonant;
752 2550 848 2606 sed
866 2558 1012 2615 tunc,
1036 2567 1212 2621 quum
1228 2549 1451 2606 creditor
1470 2551 1636 2617 audit,

152 2622 538 2696 praecipue,vel
563 2625 613 2678 si
630 2625 801 2697 tetigit
818 2623 956 2678 latus
975 2625 1144 2679 acrior
1162 2623 1274 2689 illo,

152 2699 245 2771 qui
262 2699 409 2755 venit
427 2698 496 2753 ad
519 2696 749 2754 dubium
764 2697 1095 2772 grandi-cum
1122 2697 1299 2754 codice
1316 2715 1528 2756 nomen.
1673 2712 1750 2753 ¹1⁰

153 2774 298 2830 Tunc
315 2774 577 2830 immensa
593 2773 709 2829 cavi
735 2773 942 2846 spirant
958 2772 1231 2829 mendacia
1247 2773 1417 2840 folles,
