2209 3217
49 0 105 448 “sarr-²*

132 89 135 92 ’
120 0 163 50 Η

711 296 999 343 ΒΑΤῙΒΑ
1038 296 1155 342 VH.
1605 296 1671 348 85

172 394 321 468 quod
338 412 447 451 non
466 394 671 461 vidisti,
693 393 886 450 faciant
905 395 1110 466 equites
1129 396 1311 450 Asiani

170 485 505 543 quamquam
520 511 533 536 ,
577 479 630 526 et
662 469 993 542 Cappadoces
1006 469 1214 598 ἑθοίεηι
1249 473 1555 546 equitesque
1579 476 1669 530 Bi-

985 552 1006 598 t
1124 544 1161 610 i,
1730 561 1780 602 15

171 617 337 674 altera
354 635 494 691 quos
512 617 660 673 nudo
678 617 901 673 traducit
924 561 1119 674 Galliyan
1118 618 1239 674 talc.

169 695 341 749 Nemo
359 701 537 749 tamen
557 692 749 748 studiis
768 693 1051 767 indignum
1071 692 1207 749 ferre
1230 692 1462 750 laborem

170 774 387 842 cogetur
405 767 642 839 posthac,
666 770 823 823 nectit
840 769 1170 840 quicumque
1188 769 1395 824 canoris

170 842 449 915 eloquium
469 841 647 897 vocale
665 842 857 906 modiS,
883 842 1204 916 laurumque
1222 843 1527 900 momordit.

171 918 280 973 Hoc
298 917 456 990 agite,
482 932 515 971 o
532 917 751 972 iuvenes
768 937 780 971 ε
823 917 1181 990 circumspicit
1198 926 1250 975 et
1269 918 1509 975 stimulat
1527 935 1625 974 vos
1726 934 1777 975 πο

170 992 555 1063 materiamque
570 992 672 1046 sibi
699 991 856 1045 Ducis
877 991 1205 1066 indulgentia
1230 994 1453 1066 quaerit.

170 1066 224 1121 Si
244 1083 354 1138 qua
376 1065 590 1122 aliunde
603 1072 758 1138 putas
777 1079 954 1121 rerum
973 1067 1322 1140 exspectanda
1342 1075 1557 1123 tuarum

167 1140 451 1213 praesidia,
481 1147 641 1212 atque
659 1140 775 1195 ideo
791 1156 997 1196 croceae
1015 1142 1325 1197 membrana
1344 1142 1565 1198 tabellae

170 1213 448 1288 impletur3
491 1214 756 1289 lignorum
776 1215 983 1288 aliquid
999 1231 1156 1286 posce
1172 1216 1319 1271 ocius
1336 1224 1405 1283 et,
1425 1234 1563 1291 quae

167 1290 462 1362 componis,
486 1288 625 1345 dona
641 1290 877 1355 Veneris,
898 1290 1194 1356 Thelesine,
1218 1292 1425 1358 marito,
1724 1305 1775 1347 25

168 1371 260 1420 aut
278 1362 466 1419 claude
483 1371 534 1419 et
551 1364 750 1436 positos
769 1364 907 1420 tinea
926 1365 1186 1436 pertunde
1203 1365 1421 1422 libellos.

166 1440 379 1512 Frange
399 1439 560 1494 miser
577 1439 825 1507 calamos,
849 1440 1172 1515 vigilataque
1186 1441 1384 1514 proelia
1401 1442 1533 1511 dele,

167 1513 264 1587 qui
284 1510 413 1569 facis
429 1513 487 1569 in
506 1531 667 1586 parva
686 1515 937 1571 sublimia
956 1515 1189 1572 carmina
1206 1515 1355 1584 cella,

167 1596 228 1644 ut
242 1586 446 1662 dignus
465 1589 645 1645 venias
663 1589 872 1646 hederis
891 1598 943 1646 et
959 1590 1192 1666 imagine
1208 1609 1403 1648 macra.

166 1662 299 1735 Spes
319 1662 467 1718 nulla
484 1662 724 1720 ulteriorz
765 1665 951 1720 didicit
975 1684 1099 1721 nam
1120 1666 1271 1721 dives
1289 1683 1482 1721 avarus
1722 1675 1774 1717 3⁰

166 1745 376 1794 tantum
403 1737 673 1802 admirari,
696 1746 905 1793 tantum
924 1737 1138 1792 laudare
1155 1738 1396 1802 disertae,

165 1820 222 1868 ut
239 1811 396 1885 pueri
413 1811 634 1866 Iunonis
653 1827 822 1866 avem.
880 1809 984 1865 Sed
999 1810 1182 1864 defluit
1201 1818 1339 1864 aetas

164 1896 212 1942 et
230 1885 412 1960 pelagi
430 1884 637 1954 patiens
652 1891 702 1937 et
717 1883 940 1937 cassidis
959 1890 1119 1955 atque
1136 1884 1348 1956 ligonis.

164 1961 361 2017 Taedia
384 1966 511 2012 tunc
529 1957 760 2012 subeunt
777 1958 1001 2023 animoa,
1024 1964 1154 2013 tunc
1171 1974 1335 2030 seque
1354 1974 1617 2031 suamque

164 2032 549 2106 Terpsichoren
567 2031 679 2087 odit
697 2030 923 2087 facunda
947 2038 997 2088 et
1015 2034 1158 2089 nuda
1177 2041 1431 2090 senectus,
1623 2056 1634 2067 ·
1720 2044 1771 2087 35

236 2109 434 2181 Accipe
452 2124 597 2163 nunc
611 2116 763 2174 artes,
789 2124 856 2163 ne
877 2108 1012 2181 quid
1029 2110 1127 2164 tihi
1149 2109 1379 2166 conferat
1397 2112 1512 2174 iste,

162 2202 329 2258 quem
348 2182 496 2251 colia,
521 2191 572 2238 et
588 2184 862 2240 Musarum
882 2192 932 2240 et
949 2184 1211 2258 Apollinis
1237 2185 1363 2241 aede
1385 2185 1581 2243 relicta.

163 2261 284 2333 lpse
302 2258 427 2314 facit
442 2276 647 2324 versus,
671 2267 830 2332 atque
849 2261 941 2316 uni
961 2260 1097 2316 cedit
1116 2263 1340 2317 Homero

162 2341 377 2407 propter
398 2333 543 2388 mille
559 2351 744 2400 annos,
769 2341 838 2400 at,
861 2336 908 2389 si
933 2335 1213 2392 dulcedine
1231 2336 1414 2400 famae,

163 2425 454 2465 succensus
472 2409 670 2475 recites,
695 2409 1003 2466 Maculonus
1023 2410 1324 2468 commodat
1338 2409 1507 2472 aedes,
1587 2409 1594 2416 '
1715 2420 1767 2464 4ο

164 2500 225 2540 ac
245 2483 401 2558 longe
419 2481 604 2538 ferrata
620 2483 816 2538 domus
833 2485 1029 2539 servire
1052 2485 1284 2549 iubetur,

164 2560 221 2614 in
248 2575 357 2631 qua
376 2557 625 2613 sollicitas
645 2558 881 2612 imitatur
900 2558 1056 2613 ianua
1076 2566 1272 2630 portas.

161 2633 271 2688 Scit
287 2633 413 2688 dare
433 2631 645 2687 libertos
664 2639 897 2685 extrema
921 2632 977 2685 in
1001 2640 1148 2703 parte
1164 2631 1401 2686 sedentes

160 2707 384 2773 ordinis,
407 2715 459 2762 et
482 2721 705 2779 magnas
723 2706 975 2760 comitum
995 2706 1275 2778 disponere
1292 2723 1458 2762 voces.

162 2784 332 2838 Nemo
348 2782 496 2837 dabit
514 2797 721 2854 regum,
745 2781 932 2853 quanti
950 2780 1204 2838 subsellia
1221 2791 1486 2845 constent‚-
1714 2786 1766 2829 ⁴5
