2209 3217
758 268 1047 315 sATIRA
1087 268 1152 314 11.
1626 263 1682 315 Η

205 368 295 423 illa
315 368 422 423 sibi
442 368 729 423 introrsum
748 374 798 422 et
816 367 920 421 sub
938 366 1122 439 lingua
1140 374 1458 424 murmurat:
1504 366 1549 424 0
1570 372 1620 423 εἰ

207 447 392 498 ebullet
404 447 590 511 patrui
605 446 938 511 praeclarum
952 441 1138 511 sunus!
1174 446 1242 503 et,
1267 440 1310 510 Q
1326 447 1374 495 si
1747 451 1800 495 1⁰

204 521 298 573 sub
320 526 499 572 rastro
519 526 687 585 crepet
705 521 910 586 arpenti
925 519 1051 570 mihi
1066 519 1225 578 seria,
1246 518 1434 568 dextro

206 592 459 647 Hercule!
495 595 813 660 pupillumve
830 596 1048 656 utinam,
1078 607 1228 659 quem
1240 592 1516 656 proximus
1534 592 1676 644 heres

206 670 432 735 impe110‚
458 667 780 735 expunyam!
816 666 1050 734 Namque
1068 673 1145 719 est
1160 667 1443 726 scabiosus,
1465 671 1514 715 et
1530 669 1648 718 aeri

209 744 306 795 bile
333 749 509 795 tumet.
524 769 604 781 -
628 742 789 796 Nerio
806 746 912 796 iam
932 744 1087 794 tertia
1106 742 1347 793 conditur
1362 738 1531 798 uxor!

209 816 346 869 Haec
368 822 545 869 sancte
563 822 623 869 ut
644 832 845 886 postam,
868 814 1114 869 Tiberino
1132 814 1187 867 in
1205 813 1416 885 gurgite
1441 811 1636 885 mergis
1749 823 1799 865 15

208 906 368 944 mane
385 897 542 961 eaput
560 889 645 944 bis
663 897 862 960 terque.
885 897 936 943 et
954 895 1157 943 noctem
1177 886 1396 942 flumine
1415 903 1633 960 purgas.
1654 916 1730 928 -—

206 965 351 1020 Heus
371 980 484 1037 age,
508 963 791 1035 responde:
812 993 889 1005 -
906 963 1192 1018 minimum
1210 969 1307 1028 est,
1320 959 1693 1033 quotis-cirola·

213 1099 218 1104 ,
1009 1037 1157 1103 horo,
1177 1067 1256 1080 -—·

209 1113 274 1170 de
294 1114 416 1167 Iove
433 1112 566 1183 quid
583 1110 784 1167 sentis?
817 1112 980 1167 Estne
997 1120 1059 1166 ut
1076 1127 1392 1183 praeponere
1409 1126 1561 1165 cures

208 1188 354 1243 hunc
377 1185 664 1259 cuiquam?
679 1217 756 1229 -—
796 1185 1053 1243 cuinam?
1086 1217 1165 1228 --
1199 1186 1294 1241 Vis
1313 1183 1486 1240 Staio?
1502 1214 1578 1226 —-
1603 1185 1686 1242 An

1011 1260 1209 1316 scilieet
1229 1260 1428 1323 haeres,
1578 1305 1585 1314 .

206 1336 333 1408 quis
352 1335 520 1407 potior
541 1334 720 1402 iudex,
744 1336 988 1406 puerisve
1005 1335 1130 1406 quis
1142 1333 1302 1404 aptior
1312 1332 1489 1389 orbis?
1503 1365 1582 1378 -—·
1746 1345 1798 1389 2⁰

207 1413 318 1466 Hoc
336 1411 516 1483 igitur,
545 1418 730 1482 quotu
751 1410 887 1465 Iovis
907 1426 1087 1466 aurem
1111 1408 1377 1480 impellere
1395 1417 1582 1474 tentas,

207 1486 294 1540 dic
313 1483 541 1558 agedum
559 1484 700 1541 Staio
723 1515 800 1527 -
816 1485 950 1539 »Pro
969 1484 1189 1556 Iupiter!
1229 1500 1262 1538 o
1285 1484 1422 1539 bone
1430 1505 1474 1548 α,
1495 1484 1700 1549 clamet,

210 1560 467 1631 »Iupiterl
482 1580 507 1612 α
525 1590 600 1601 —
617 1559 684 1614 At
702 1577 816 1616 sese
840 1576 943 1614 non
963 1558 1151 1616 clamet
1168 1560 1364 1630 Iupiter
1383 1558 1549 1629 ipse?-

212 1634 483 1709 lgnovisse
498 1641 670 1706 putas,
692 1635 839 1705 quia,
859 1652 1030 1706 quum
1046 1642 1208 1698 tonat,
1230 1634 1377 1690 ocius
1396 1634 1503 1692 ilex

208 1708 413 1766 sulfure
430 1708 708 1764 discutitur
728 1726 892 1775 sacr0,
914 1726 1076 1779 quam
1094 1717 1261 1779 tuque
1278 1708 1610 1780 domusque?
1746 1719 1798 1762 25

209 1804 275 1841 an
295 1784 424 1857 quia
450 1800 556 1839 non
578 1783 725 1839 fibris
744 1784 928 1838 ovium
948 1783 1296 1855 Ergennaque
1314 1782 1528 1838 iubente

209 1862 356 1915 triste
375 1860 511 1913 iaces
531 1857 665 1913 lucis
682 1857 1093 1928 evitandumque
1111 1854 1360 1921 bidental,

209 1934 404 1990 idcirco
420 1931 644 1989 solidam
664 1931 874 2002 praebet
889 1931 984 1985 tibi
1004 1929 1202 2006 ¹vellere
1217 1929 1437 1988 barbam

208 2007 524 2082 Iupiter‘I—
540 2007 648 2062 Aut
665 2006 921 2077 quidnam
941 2013 1037 2071 est,
1063 2022 1171 2077 qua
1188 2014 1246 2060 tu
1255 2005 1714 2063 mercededeorum

209 2084 403 2141 emeris
414 2080 678 2138 auriculas
690 2080 718 2135 ⁴?
731 2112 808 2123 -—
817 2079 1069 2138 Pulmone
1086 2089 1138 2136 et
1147 2081 1369 2138 lactibus
1393 2084 1565 2139 unctis
1573 2081 1608 2144 ‘l
1746 2091 1799 2136 30

281 2161 419 2214 Ecce
441 2157 575 2226 avia,
597 2163 689 2212 aut
704 2164 948 2212 metuens
972 2156 1159 2213 divum
1180 2163 1468 2222 matertera,
1498 2157 1652 2213 cunis
1815 2181 1818 2184 ·

207 2233 405 2290 exemit
424 2249 668 2303 puerum,
691 2230 1019 2303 frontemque
1038 2240 1197 2304 atque
1219 2231 1325 2294 uda
1344 2230 1532 2290 labella

208 2307 396 2365 infami
415 2307 580 2380 digito
595 2314 646 2361 et
660 2306 971 2362 lustralibus
987 2314 1110 2364 ante
1121 2306 1308 2362 salivis

207 2384 404 2457 expiat,
431 2390 641 2437 urentes
656 2380 834 2437 oculos
855 2381 1091 2437 inhibere
1105 2381 1294 2453 perita.

209 2461 362 2515 Tunc
381 2457 627 2514 manibus
645 2458 830 2528 quatit,
846 2464 896 2513 et
913 2474 1062 2527 spem
1080 2472 1310 2512 macram
1329 2454 1568 2528 supplice
1579 2463 1696 2511 voto
1717 2503 1726 2506 ,
1751 2466 1802 2511 35

211 2550 359 2590 nune
377 2531 546 2587 Licini
571 2531 628 2586 in
647 2545 879 2601 campoS,
901 2547 1049 2586 nunc
1064 2530 1244 2586 Crassi
1263 2529 1423 2583 mittit
1440 2530 1495 2585 in
1515 2530 1689 2588 aedes.

209 2609 403 2664 »Hunc
419 2613 600 2679 optent
615 2622 871 2679 generum
895 2621 984 2659 rex
1012 2612 1062 2660 et
1080 2603 1291 2678 regina!
1331 2603 1536 2674 puellae

213 2683 360 2740 hune
377 2680 607 2754 rapiantl
649 2677 916 2751 quidquid
933 2678 1209 2734 calcaverit
1225 2678 1330 2744 hic,
1356 2695 1471 2735 rosa
1491 2678 1580 2735 flat
1594 2680 1606 2733 1
1620 2700 1647 2732 α

212 2759 351 2814 Haec
368 2774 464 2832 ego
483 2754 675 2814 nutrici
697 2770 805 2812 non
824 2753 1019 2812 mando
1036 2761 1182 2810 vota:
1225 2760 1428 2827 negato,
