2209 3217
398 863 449 905 10

399 1238 450 1281 15

401 1610 453 1655 20

402 1987 454 2030 25

405 2358 456 2401 30

410 2732 459 2774 35

507 228 572 279 64
1041 229 1459 276 IUVENALIS

505 329 773 402 praeberet
787 327 1044 400 spelunea
1056 330 1262 396 domos,
1284 331 1571 416 ignemque
1587 326 1877 406 laremque

504 412 555 459 et
571 420 732 475 pecus
754 411 815 459 et
822 404 1066 459 dominos
1083 405 1354 459 communi
1372 404 1634 459 clauderet
1648 404 1871 460 umbra:

503 478 799 533 silvestrem
819 487 1063 535 montena
1081 487 1258 534 torum
1277 495 1448 550 quum
1467 485 1717 533 sterneret
1734 496 1876 568 uxor

503 552 783 609 frondibus
798 560 850 608 et
866 554 1043 608 culmo
1062 554 1464 624 vicinarumque
1481 552 1710 607 ferarum

503 627 752 699 pellibus,
785 628 930 683 haud
951 626 1147 681 similis
1165 627 1280 691 tibi,
1306 626 1553 701 Cynthia,
1580 644 1676 682 nec
1697 628 1815 695 tibi,
1837 630 2003 687 ouius

504 703 739 758 turbavit
763 703 956 757 nitidos
975 702 1266 757 exstinctus
1285 718 1465 773 passer
1479 702 1688 767 ocellos,

505 778 599 832 sed
616 777 840 849 potanda
858 776 1030 831 ferens
1046 776 1341 831 infantibus
1365 776 1529 832 ubera
1551 778 1782 851 magnis,

505 860 557 907 et
580 870 733 925 saepe
754 851 1014 906 horridior
1027 852 1278 925 glandem
1301 860 1533 906 ructante
1549 853 1757 907 marito.

505 927 714 999 Quippe
731 927 882 981 aliter
896 934 1024 981 tunc
1040 927 1168 981 orbe
1191 943 1329 983 novo
1347 925 1594 998 coeloque
1613 928 1806 982 recenti

507 1003 755 1058 vivebant
774 1001 1032 1066 homines,
1055 1002 1151 1073 qui
1171 1009 1327 1073 rupto
1350 1002 1533 1056 robore
1551 1001 1661 1055 nati

504 1077 846 1149 compositive
865 1077 975 1132 luto
988 1076 1167 1132 nullos
1186 1077 1417 1131 habuere
1433 1084 1692 1147 parentes.

506 1152 671 1207 Multa
689 1153 970 1223 pudicitiae
988 1152 1180 1207 veteris
1193 1151 1420 1224 vestigia
1435 1150 1629 1214 forsan,

506 1234 599 1281 aut
615 1227 812 1299 aliqua,
835 1228 1128 1283 exstiterint
1151 1234 1203 1281 et
1222 1227 1326 1281 sub
1345 1228 1489 1295 Iove3
1512 1224 1608 1280 sed
1626 1227 2003 1284 Iovenondum

508 1301 741 1366 barbato,
766 1301 1007 1356 nondum
1024 1302 1238 1357 Graecis
1256 1304 1432 1357 iurare
1448 1300 1642 1373 paratis

508 1393 603 1448 per
619 1384 778 1447 caput
795 1376 1027 1439 alterius,
1051 1394 1221 1449 quum
1242 1376 1413 1431 furem
1434 1392 1588 1431 nemo
1604 1377 1810 1431 timeret

507 1449 751 1506 caulibus
770 1458 863 1505 aut
879 1451 1069 1521 pomis,
1092 1458 1148 1505 et
1163 1459 1340 1522 aperto
1364 1452 1563 1506 viveret
1581 1450 1743 1505 horto.

508 1524 768 1581 Paulatim
791 1524 983 1579 deinde
1001 1525 1075 1578 ad
1084 1541 1304 1595 superos
1325 1526 1538 1581 Astraea
1557 1526 1769 1580 recessit

507 1600 607 1656 hac
623 1599 827 1664 comite,
851 1606 1009 1671 atque
1026 1598 1171 1654 duae
1182 1601 1390 1672 pariter
1396 1601 1577 1675 fugere
1593 1617 1823 1657 sorores.⁴

508 1676 806 1754 Antiquum
825 1682 1045 1729 etvetus
1063 1683 1160 1740 est,
1185 1674 1435 1741 alienum,
1462 1679 1722 1742 Postume,
1749 1675 1945 1732 lectum

508 1758 798 1816 concutere,
822 1758 981 1837 atque
998 1751 1132 1805 sacri
1150 1751 1370 1824 genium
1389 1760 1719 1806 contemnere
1736 1750 1914 1806 fulcri.

510 1824 682 1881 Omne
701 1825 857 1913 aliud·
864 1825 1062 1881 crimen
1083 1843 1209 1881 mox
1228 1825 1391 1881 ferrea
1410 1826 1626 1898 protulit
1646 1834 1812 1881 aetas:

512 1901 759 1957 viderunt
776 1899 977 1972 primos
1001 1909 1244 1976 argentea
1268 1902 1475 1957 saecula
1494 1901 1758 1956 moechos,

585 1975 913 2031 Conventum
932 1984 1108 2031 temen
1129 1985 1179 2031 et
1198 1984 1429 2048 pactum,
1462 1984 1513 2031 et
1534 1975 1802 2048 sponsalia
1821 1984 2005 2034 nostra

509 2056 813 2121 tempestate
829 2067 1002 2121 paras,
1027 2051 1244 2123 iamque
1260 2070 1288 2106 a
1315 2059 1523 2107 tonsore
1540 2051 1796 2123 magistro

511 2124 748 2197 pecteris,
770 2131 822 2178 et
838 2124 1006 2197 digito
1022 2126 1220 2199 pignus
1237 2125 1453 2182 fortasse
1469 2126 1662 2182 dedisti
1674 2125 1704 2180 ‘2

514 2200 662 2256 Certe
679 2213 843 2254 sanus
859 2200 1005 2254 erasi
1046 2200 1292 2265 Uxorem,
1315 2202 1579 2265 Postume,
1600 2200 1791 2256 ducis?

513 2275 625 2340 Dio,
649 2292 756 2347 qua
777 2274 1080 2345 Tisiphone,
1104 2276 1306 2347 quibus
1324 2278 1587 2351 exagitare
1603 2275 1877 2331 colubris?

511 2350 669 2406 Ferre
691 2357 837 2422 potes
854 2348 1144 2408 dominam.
1170 2350 1333 2406 salvis
1353 2360 1428 2407 tot
1445 2350 1689 2417 restibus,
1715 2349 1885 2406 ullam
1897 2351 1928 2407 ⁴?

513 2440 683 2498 quum
701 2431 910 2497 pateant
928 2424 1060 2480 altae
1081 2425 1473 2499 caligantesque
1498 2423 1786 2481 fenestrae?

513 2516 685 2570 quum
705 2500 802 2554 tibi
821 2499 1059 2555 vicinum
1079 2517 1138 2555 se
1155 2502 1398 2571 praebeat
1414 2500 1673 2557 Aemilius
1691 2499 1864 2572 pons‘?

515 2576 621 2629 Aut
639 2574 685 2627 si
704 2575 771 2629 de
789 2574 973 2629 multis
993 2575 1177 2631 nullus
1202 2576 1368 2647 placet
1386 2576 1578 2640 exitiis,
1605 2575 1740 2630 illud

518 2664 692 2702 nonne
710 2657 866 2720 putas
883 2649 1096 2717 melius,
1119 2650 1264 2723 quod
1283 2658 1455 2712 tecum
1475 2655 1632 2723 pusio
1649 2650 1885 2705 dormit?

517 2723 690 2794 pusio,
715 2723 810 2793 qui
832 2732 987 2778 noctu
1008 2742 1114 2781 non
1141 2725 1326 2798 litigat,
1350 2727 1517 2799 exigit
1533 2743 1561 2780 a
1585 2734 1632 2779 te
1740 2747 1745 2752 ·
