2209 3217
725 276 1007 323 SATIRA
1038 278 1126 323 IV.
1599 275 1663 326 57

196 380 242 428 et
255 388 376 427 oum
395 373 660 430 mortifero
675 375 911 447 prudens
924 375 1143 431 Veiento
1160 376 1376 442 Catullo,

195 447 282 520 qui
301 465 597 519 numquam
616 450 763 505 visae
777 448 1029 523 flagrabat
1046 466 1221 504 amore
1238 451 1456 520 puellae,

194 522 386 596 grande
410 532 462 577 et
478 525 822 596 conspicuum
843 531 1021 579 nostro
1036 541 1253 596 quoque
1270 531 1500 596 tempore
1516 545 1669 584 mon-

990 606 1183 663 strum,
1700 614 1776 656 115

194 688 369 727 caecus
387 634 627 727 adulator
647 673 902 760 dirusque
923 693 953 729 a
973 681 1129 745 ponte
1150 672 1375 739 satelles,

196 746 402 820 dignus.
405 745 646 801 Aricinos
665 749 760 819 qui
776 748 1095 804 mendicaret
1114 749 1180 803 ad
1202 766 1347 814 ame,

192 819 490 892 blandaque
508 821 735 877 devexae
753 824 962 878 iactaret
980 824 1128 877 basia
1147 823 1359 878 rhedae.

192 896 356 950 Nemo
375 897 547 969 magis
565 887 861 952 rhombum
871 899 1100 969 stupuit3
1145 915 1270 953 nam
1286 895 1520 969 plurima
1537 893 1672 951 dixit

193 970 246 1025 in
273 969 477 1025 laevam
495 988 806 1040 conversus;
848 972 1009 1027 atilli
1017 973 1197 1028 dextra
1216 973 1414 1028 iacebat
1703 980 1780 1023 12⁰

190 1043 367 1099 belua.
429 1044 517 1100 Sic
532 1063 741 1119 pugnas
759 1045 936 1102 Cilicis
954 1046 1217 1111 laudabat,
1239 1053 1292 1101 et,
1310 1046 1463 1111 ieme,

189 1127 240 1173 et
255 1136 467 1192 pegma,
489 1128 540 1174 et
563 1138 750 1192 pueros
768 1121 892 1176 inde
910 1122 974 1176 ad
994 1121 1188 1178 velaria
1207 1129 1398 1193 raptos·

188 1194 306 1249 Non
330 1194 468 1249 cedit
485 1194 717 1260 Veiento,
738 1195 849 1261 sed,
877 1203 936 1250 ut
955 1194 1228 1260 sanatione,
1250 1205 1419 1252 oestro

185 1285 491 1340 percussine,
519 1269 749 1335 Bellona,
770 1277 879 1335 tuo,
900 1271 1104 1326 divinat
1121 1276 1187 1336 et,
1216 1270 1403 1341 lnqem

188 1346 514 1409 omenhabee,
529 1344 721 1417 inquit,
735 1351 913 1415 maym‘
928 1349 1163 1416 clarique
1181 1351 1457 1416 triumphi:
1702 1355 1780 1398 125

187 1435 359 1488 reyem
376 1421 600 1488 aliquem
625 1425 811 1488 capies,
831 1430 925 1476 aut
942 1426 1005 1476 de
1023 1431 1215 1477 temone
1233 1423 1491 1478 Britanno

187 1496 396 1548 excidet
410 1498 701 1565 ,dv-viraque
712 1513 731 1549 .·
761 1501 1043 1566 peregrina
1061 1506 1138 1551 est
1158 1499 1306 1552 belua
1317 1517 1336 1552 .-
1375 1503 1546 1553 ommis

187 1577 392 1623 erectas
412 1571 468 1622 in
493 1577 638 1639 terga
654 1568 844 1624 sudes?
882 1573 987 1625 Hoc
1012 1570 1185 1626 defuit
1203 1590 1375 1627 unum

185 1641 450 1707 Fabricio,
472 1645 695 1713 patriam
718 1651 776 1697 ut
793 1644 1002 1700 rhombi
1022 1654 1331 1701 memoraret
1348 1654 1399 1700 et
1415 1662 1603 1701 annos.

185 1715 494 1784 »Quidnam
515 1718 676 1790 igitur
693 1717 912 1771 censes?
947 1719 1473 1773 conciditurffmbsit
1490 1723 1559 1774 ab
1577 1723 1672 1774 illo
1701 1729 1777 1773 130

185 1789 418 1846 dedecus
431 1793 545 1850 hoc,
564 1792 844 1844 Montanus
862 1790 955 1845 ait.
1017 1794 1168 1844 Testa
1183 1795 1295 1844 alta
1306 1801 1543 1857 paretur,

186 1884 323 1937 quae
351 1871 494 1918 tenui
512 1880 661 1919 muro
677 1867 959 1930 spatiosum
980 1867 1190 1931 colliyat
1208 1867 1393 1919 orbem.

185 1937 421 1995 Debetur
437 1954 657 2005 maynua
665 1938 881 2004 patinae
895 1940 1193 2005 subitusque
1210 1937 1545 1994 Prometheus.

184 2015 451 2085 Arqillam
468 2019 624 2081 atque
637 2019 806 2065 rotam
824 2015 978 2066 citius
986 2020 1280 2080 properate.
1320 2013 1424 2069 Sed
1439 2032 1507 2070 σω
1525 2018 1619 2069 hoc

184 2100 418 2157 temore
433 2090 557 2150 iam,
586 2086 796 2150 Caesar,
818 2088 966 2156 fiyuli
985 2095 1076 2140 tua
1095 2095 1270 2142 caetra
1286 2099 1590 2158 aequantur.
1707 2100 1783 2143 135

182 2164 328 2218 Vicit
345 2161 510 2234 digna
534 2160 647 2216 viro
663 2161 937 2216 sententia.
994 2161 1218 2216 Noverat
1237 2159 1326 2217 ille

183 2236 463 2293 luxuriam
486 2235 692 2307 imperii
715 2243 960 2301 veterem,
988 2243 1266 2308 noctesque
1290 2238 1512 2292 Neronis

182 2314 298 2367 iam
316 2310 539 2375 mediae,
559 2311 825 2383 aliamque
841 2308 1052 2376 famem,
1074 2328 1244 2383 quum
1263 2311 1449 2383 pulmo
1464 2311 1685 2369 Falerno

183 2386 415 2442 arderet.
469 2385 618 2440 Nulli
636 2387 803 2441 maior
822 2383 927 2442 ,fuit
942 2403 1076 2440 usus
1095 2386 1286 2441 edendi

181 2468 497 2533 tempoetate
513 2478 647 2515 mea.
705 2441 898 2516 Cirtssis
918 2469 1036 2515 nata
1055 2459 1241 2525 forent,
1263 2479 1331 2515 an
1705 2471 1782 2519 140

182 2536 484 2591 Lucrinum
503 2535 571 2590 ad
587 2540 779 2590 saxum
799 2536 1132 2607 Rutupinove
1152 2534 1290 2589 edita
1308 2533 1473 2591 fundo

181 2618 380 2676 ostrea,
401 2608 622 2666 callebat
638 2611 811 2682 primo
827 2609 1146 2681 deprendere
1163 2627 1371 2680 morsu3

181 2694 237 2741 et
255 2685 422 2740 semel
443 2683 671 2758 adspecti
690 2684 815 2741 litus
839 2684 1043 2740 dicebat
1060 2684 1254 2740 echini.

181 2760 457 2832 Surgitur,
479 2766 530 2815 et
548 2760 715 2817 misso
726 2777 964 2835 proceres
981 2760 1127 2817 exire
1143 2759 1392 2818 iubentur
