2209 3217
560 225 625 277 52
1088 228 1509 275 IUVENALIS

554 330 642 384 dat
657 344 880 399 poenas:
924 335 1128 383 noctem
1146 329 1339 401 patitur
1362 328 1592 402 lugentis
1610 328 1839 383 amicum

445 414 523 457 280
554 402 774 467 Pelidae,
804 402 1002 458 cubat
985 403 1266 468 infaciem
1292 420 1418 458 mox
1437 403 1624 458 deinde
1641 404 1898 474 supinus,

556 475 699 552 [ergo
718 493 823 531 non
842 477 991 533 aliter
1004 479 1196 549 poterit
1214 477 1479 532 dormire?
1515 475 1870 553 Quibusdam]

553 568 803 607 somnum
822 553 936 607 rixa
962 551 1100 607 facit.
1142 552 1245 606 Sed
1261 553 1511 624 quamvis
1533 552 1806 638 improbus
1825 552 1987 607 annis

554 635 711 713 atque
729 644 873 682 mero
891 626 1116 691 fervens,
1138 634 1285 681 cavet
1302 625 1464 695 hunc,
1488 644 1647 699 quem
1668 628 1873 682 coccina
1898 627 2052 683 laena

554 702 708 757 vitari
729 702 891 766 iubet,
916 709 966 755 et
982 701 1238 756 comitum
1256 700 1604 789 longissimus
1623 702 1767 767 ordo,

444 787 523 831 285
551 776 783 832 multum
802 784 1062 849 praeterea
1079 774 1417 831 flammarum
1435 784 1486 831 et
1503 778 1661 832 ae'nea
1686 774 1919 847 lampas:

553 870 658 917 me,
688 868 850 924 quem
872 851 994 906 luna
1015 851 1146 906 solet
1170 851 1426 906 deducere
1444 851 1527 906 vel
1548 851 1707 906 breve
1732 851 1912 906 lumen

553 894 814 992 candelae,
843 926 998 981 cuius
1015 926 1265 998 dispenso
1285 935 1335 981 et
1351 933 1582 998 tempero
1602 926 1774 991 filum,

553 1009 755 1057 contem
762 1000 858 1056 nit.
916 1002 1137 1058 Miserae
1153 1017 1408 1075 cognosce
1425 1002 1688 1072 prooemia
1706 1002 1869 1065 rixae,

552 1079 601 1133 si
621 1078 737 1132 rixa
754 1084 849 1143 est¹
875 1076 971 1132 ubi
988 1083 1046 1131 tu
1066 1076 1267 1148 pulsas,
1290 1093 1388 1150 ego
1409 1076 1602 1148 vapulo
1621 1083 1844 1131 tantum.

443 1162 521 1205 290
550 1153 661 1208 Stat
679 1161 854 1207 contra
872 1153 1105 1224 starique
1124 1152 1292 1207 iubet:
1334 1167 1515 1223 parere
1533 1167 1742 1206 necesse
1759 1159 1857 1205 est.

550 1228 685 1281 Nam
707 1227 840 1299 quid
859 1245 1013 1300 agas,
1026 1244 1198 1300 quum
1216 1234 1267 1282 te
1283 1224 1514 1281 furiosus
1529 1233 1683 1317 cogat
1699 1233 1750 1279 et
1766 1226 1909 1281 idem

552 1299 769 1356 fortior?
812 1303 954 1355 Unde
971 1301 1155 1356 venis?
1189 1300 1474 1357 exclamat:
1518 1307 1668 1356 cuius
1691 1311 1855 1364 aceto,

554 1381 702 1432 cuius
720 1379 906 1430 conche
925 1376 1124 1430 tumes?
1164 1382 1281 1445 quis
1299 1386 1465 1431 tecum
1480 1379 1655 1430 sectile
1674 1393 1895 1443 porrum

553 1460 701 1506 sutor
716 1460 767 1504 et
784 1452 917 1504 elixi
931 1455 1161 1504 vervecis
1178 1454 1331 1505 labra
1351 1449 1621 1515 comedit?-

443 1536 521 1580 295
551 1525 645 1581 Nil
669 1527 796 1579 mihi
807 1522 1123 1592 respondes?
1160 1525 1263 1578 Aut
1288 1529 1391 1590 dic,
1415 1535 1510 1580 aut
1524 1531 1703 1595 accipe
1723 1527 1945 1580 calcem!

551 1601 675 1664 Ede,
697 1602 787 1653 ubi
806 1604 1083 1653 consistas:
1126 1604 1185 1653 in
1202 1616 1308 1668 qua
1332 1609 1378 1653 te
1396 1618 1590 1669 quaero
1602 1598 1933 1670 proseucha?

552 1675 730 1730 Dicere
747 1673 795 1728 si
814 1681 979 1729 tentes
999 1673 1221 1747 aliquid,
1245 1675 1498 1730 tacitusve
1521 1675 1746 1738 reoedas‚

552 1749 881 1805 tantumdem
907 1757 1011 1818 est;
1054 1750 1247 1822 pariter
1272 1748 1492 1806 feriunt:
1533 1750 1832 1805 vadimonia
1852 1749 2051 1805 deinde

554 1827 670 1881 irati
690 1825 902 1881 faciunt.
960 1825 1197 1880 Libertas
1215 1825 1460 1897 pauperis
1486 1825 1612 1879 haec
1628 1833 1731 1880 est:

443 1912 522 1955 20⁰
551 1901 795 1972 pulsatus
819 1907 984 1974 rogat,
1007 1908 1058 1955 et
1076 1901 1275 1973 pugnis
1293 1901 1535 1954 concisus
1554 1899 1749 1962 adorat,

550 1983 612 2030 ut
637 1974 787 2028 liceat
802 1975 984 2044 paucis
1008 1992 1131 2029 cum
1153 1975 1401 2029 dentibus
1421 1974 1544 2029 inde
1562 1974 1769 2029 reverti.

552 2050 658 2103 Nec
677 2055 851 2102 tamen
872 2047 972 2102 hoc
990 2056 1195 2103 tantum
1220 2055 1452 2103 metuas:
1496 2064 1638 2110 nam,
1658 2046 1752 2117 qui
1773 2047 2047 2116 spoliette,

552 2140 657 2178 non
678 2122 857 2186 deerit,
888 2121 1081 2176 clausis
1098 2122 1350 2176 domibus
1366 2128 1644 2192 postquam
1655 2121 1831 2175 omnis
1843 2124 2054 2197 ubique

554 2198 658 2254 fixa
677 2203 937 2253 catenatae
955 2195 1105 2250 siluit
1123 2212 1378 2269 compago
1397 2195 1656 2251 tabernae.

444 2283 521 2328 3⁰5
551 2272 820 2329 Interdum
840 2278 890 2326 et
908 2269 1042 2326 ferro
1058 2270 1271 2325 subitus
1294 2277 1557 2344 grassator
1572 2269 1683 2344 agit
1701 2288 1832 2340 rem,

551 2355 750 2405 armato
774 2346 979 2421 quoties
999 2354 1140 2402 tutae
1156 2344 1371 2401 custode
1394 2352 1636 2401 tenentur

554 2432 604 2480 et
622 2423 862 2479 Pomtina
881 2422 1035 2495 palus
1053 2431 1105 2478 et
1122 2420 1410 2477 Gallinaria
1429 2420 1612 2508 pinus.

554 2499 640 2554 Sic
659 2498 784 2554 inde
815 2498 921 2554 huc
936 2514 1142 2562 omnae,
1174 2504 1448 2569 tamquam
1469 2497 1536 2552 ad
1554 2496 1775 2556 vivaria
1801 2511 2052 2554 currunt.

553 2573 668 2641 Qua
689 2573 895 2630 fornace
910 2592 1120 2649 graves,
1142 2590 1250 2646 qua
1269 2589 1374 2629 non
1393 2571 1586 2629 incude
1607 2569 1851 2628 catenae?

446 2659 524 2701 31⁰
554 2648 857 2704 Maximus
842 2668 897 2704 in
917 2650 1110 2707 vinclis
1130 2648 1252 2705 ferri
1274 2648 1485 2713 modus
1506 2656 1567 2703 ut
1583 2647 1788 2711 timeas,
1813 2662 1879 2700 ne

555 2739 735 2778 vomer
752 2722 975 2791 deficiat,
1000 2745 1067 2781 ne
1086 2742 1290 2781 marrae
1307 2733 1358 2781 et
1374 2723 1579 2780 sarcula
1599 2722 1791 2779 desint.
