2209 3217
707 277 998 324 SATIRA
1032 279 1121 324 XL
1558 276 1654 329 Ηθ

160 395 224 434 ao
237 377 402 434 rebus
421 377 612 433 mersis
631 376 688 432 in
706 383 962 439 ventrem,
991 375 1189 431 fenoris
1205 384 1362 449 atque
1710 390 1764 434 4ο

161 460 451 582 ffissffi
451 458 637 581 21¹3,ssss
643 467 1047 598 εὲΐὲἒιέἓὲ
1047 467 1532 583 mmmm?
1541 454 1570 509 ‘³

163 599 419 665 annulus,
441 607 494 655 et
512 600 678 674 digito
695 600 957 657 mendieat
973 599 1142 656 Pollio
1161 600 1327 656 nude.

161 676 280 731 Non
299 677 621 747 praematuri
637 676 856 742 eineres,
886 693 984 732 nee
1002 674 1172 731 funus
1187 676 1435 731 acerbum

162 748 426 815 luxuriae,
450 749 544 806 sed
562 758 727 806 morte
745 751 919 824 magis
938 750 1221 807 metuenda
1238 758 1501 805 senectus.
1712 760 1765 805 45

162 824 228 878 lii
248 822 564 896 plerumque
580 824 808 898 gradus:
847 825 1105 881 eonducta
1123 825 1343 895 pecunia
1364 826 1560 880 Romae

159 904 210 953 et
227 914 404 953 eoram
425 898 656 953 dominis
671 898 1029 955 eonsumitur:
1071 899 1196 955 inde
1210 900 1305 956 ubi
1327 899 1569 971 paulum,

161 972 344 1027 neseio
362 973 512 1044 quid,
537 980 793 1044 superest,
816 981 867 1029 et
883 972 1043 1045 pallet
1060 973 1257 1029 fenoris
1274 981 1471 1039 auctor,

159 1046 259 1119 qui
277 1054 473 1102 vertere
489 1047 683 1108 solum.
705 1048 857 1103 Baias
874 1055 925 1103 et
940 1048 1009 1103 ad
1026 1055 1200 1103 omn-ea
1216 1055 1455 1103 currunt.

159 1120 358 1177 Cedere
376 1138 607 1193 namque
628 1121 863 1178 forciam
887 1139 993 1178 non
1012 1129 1093 1177 est
1108 1122 1359 1188 deterius,
1387 1140 1553 1194 quam
1715 1135 1765 1176 50

156 1195 443 1266 Exquilias
457 1213 488 1250 a
506 1195 727 1253 ferventi
745 1198 975 1271 migrare
992 1196 1225 1253 Subura.

158 1268 257 1325 Ille
276 1268 426 1325 dolor
441 1268 588 1327 solus
607 1271 832 1343 patriam
851 1271 1202 1345 fugientibus,
1225 1270 1317 1326 illa

159 1344 422 1400 moestitia
439 1353 536 1412 est,
557 1347 790 1403 caruisse
807 1363 946 1402 anno
965 1346 1301 1402 Circensibus
1325 1362 1454 1401 une.

156 1418 452 1494 Sanguinis
469 1420 526 1475 in
544 1419 674 1476 facie
698 1437 805 1477 non
824 1421 1000 1476 haeret
1016 1427 1199 1495 gutta:
1241 1428 1511 1477 morantur

156 1494 319 1566 pauc-i
340 1493 626 1550 ridiculum
644 1503 696 1551 et
713 1495 1002 1571 fugientem
1020 1514 1089 1551 ex
1111 1496 1247 1552 Urbe
1265 1496 1540 1568 pudorem.
1713 1509 1763 1550 55

232 1568 519 1640 Experiere
536 1570 711 1635 hodie,
736 1572 1004 1644 numquid
1021 1570 1335 1643 pulcerrima
1355 1572 1519 1638 dictu,

156 1643 384 1709 Persice,
408 1660 516 1700 non
540 1655 799 1715 praestem
815 1647 943 1710 vita,
966 1647 1049 1701 vel
1070 1647 1328 1710 moribus,
1352 1653 1403 1700 et
1421 1664 1505 1713 re3

158 1716 256 1774 sed
271 1716 487 1772 laudem
505 1718 731 1790 siliquas
749 1719 986 1774 occultus
1005 1736 1201 1791 ganam
1242 1719 1416 1790 pultes

155 1808 338 1848 eoram
357 1789 479 1845 aliis
496 1790 687 1845 dictem
704 1808 885 1863 puero,
906 1791 1001 1846 sed
1018 1793 1077 1845 in
1093 1808 1222 1845 aure
1247 1790 1526 1860 placentas.

155 1868 300 1923 Nam
327 1879 502 1936 quum
521 1864 599 1920 sis
619 1863 843 1919 conviva
865 1864 998 1918 mihi
1014 1862 1336 1938 promissus,
1362 1863 1582 1919 habebis
1714 1877 1765 1919 60

154 1938 495 1999 Evandrum,
524 1937 705 1994 venies
725 1937 1056 2012 Tirynthius,
1077 1945 1172 1993 aut
1187 1937 1360 1993 minor
1382 1937 1473 1993 illo

156 2016 374 2087 hospes,
404 2019 456 2068 et
474 2012 586 2085 ipse
612 2019 785 2070 tamen
802 2013 1114 2087 contingens
1132 2012 1391 2086 sanguine
1409 2012 1640 2069 eoelum:

159 2089 291 2146 alter
314 2088 492 2161 aquis,
515 2086 645 2143 alter
662 2087 893 2145 flammis
910 2087 978 2144 ad
993 2087 1168 2145 sidera
1184 2087 1402 2143 missus.

158 2162 382 2221 Fet-cula
398 2179 545 2219 nunc
563 2162 689 2222 audi
707 2163 873 2220 nullis
890 2171 1071 2220 ornata
1090 2163 1343 2221 macellis.

159 2240 237 2294 De
261 2238 540 2294 Tiburtino
560 2239 736 2296 veniet
752 2239 1143 2314 pinguissimus
1161 2256 1290 2313 agro
1713 2248 1763 2292 65

159 2313 423 2369 haedulus
441 2320 493 2368 et
508 2320 615 2370 toto
631 2331 791 2389 grege
808 2314 1035 2380 mollior,
1057 2315 1260 2371 inscius
1279 2312 1490 2376 herbae,

161 2388 391 2446 necdum
410 2405 574 2444 ausus
592 2390 772 2462 virgas
791 2389 1011 2445 humilis
1029 2388 1268 2445 mordere
1285 2386 1473 2452 salicti,

162 2462 259 2537 qui
275 2462 404 2551 plus
418 2463 567 2551 laetis
585 2463 761 2529 habet,
785 2481 949 2550 quam
967 2463 1276 2550 sauguinis3
1318 2468 1371 2518 et
1388 2463 1625 2519 montani

162 2537 1402 2685 ffiswoemmsufflzuffiffu„0.
1711 2623 1763 2665 ῃ,

162 2705 262 2746 ova
280 2688 495 2754 adsunt,
519 2688 653 2759 ipsis
668 2704 794 2743 eum
812 2687 1091 2752 matribus,
1114 2694 1167 2742 et
1182 2693 1416 2744 servatae

161 2770 310 2836 parte
329 2762 476 2828 anni,
500 2761 912 2837 quales-fuerant
933 2762 991 2820 in
1009 2763 1230 2828 vitibus,
1252 2760 1415 2820 uvae:
