<?xml version="1.0" encoding="UTF-8"?>
<!DOCTYPE html PUBLIC "-//W3C//DTD XHTML 1.0 Transitional//EN"
    "http://www.w3.org/TR/xhtml1/DTD/xhtml1-transitional.dtd">
<html xmlns="http://www.w3.org/1999/xhtml" xml:lang="en" lang="en">
 <head>
  <title>
</title>
<meta http-equiv="Content-Type" content="text/html;charset=utf-8" />
  <meta name='ocr-system' content='tesseract 3.04.00' />
  <meta name='ocr-capabilities' content='ocr_page ocr_carea ocr_par ocr_line ocrx_word'/>
</head>
<body>
  <div class='ocr_page' id='page_1' title='image "apersiiflacciet02weisgoog_0101.png"; bbox 0 0 2209 3217; ppageno 0'>
   <div class='ocr_carea' id='block_1_1' title="bbox 1481 0 2020 8">
    <p class='ocr_par' dir='ltr' id='par_1_1' title="bbox 1481 0 2020 8">
     <span class='ocr_line' id='line_1_1' title="bbox 1481 0 2020 8; baseline -0.002 1"><span class='ocrx_word' id='word_1_1' title='bbox 1481 0 1494 2; x_wconf 90' lang='lat'><em>-</em></span> <span class='ocrx_word' id='word_1_2' title='bbox 1505 0 1552 6; x_wconf 47' lang='lat' dir='ltr'><strong>w</strong></span> <span class='ocrx_word' id='word_1_3' title='bbox 1565 0 1616 6; x_wconf 56' lang='grc' dir='ltr'>-ι“-</span> <span class='ocrx_word' id='word_1_4' title='bbox 1641 0 1708 8; x_wconf 59' lang='grc' dir='ltr'>-τ-</span> <span class='ocrx_word' id='word_1_5' title='bbox 1717 0 2020 8; x_wconf 53' lang='lat' dir='ltr'>v--u---v—--q-z———ss</span> 
     </span>
    </p>
   </div>
   <div class='ocr_carea' id='block_1_2' title="bbox 709 271 1665 323">
    <p class='ocr_par' dir='ltr' id='par_1_2' title="bbox 709 271 1665 323">
     <span class='ocr_line' id='line_1_2' title="bbox 709 271 1665 323; baseline -0.001 -1"><span class='ocrx_word' id='word_1_6' title='bbox 709 277 998 323; x_wconf 70' lang='lat' dir='ltr'>SATIRA</span> <span class='ocrx_word' id='word_1_7' title='bbox 1031 276 1148 323; x_wconf 81' lang='lat' dir='ltr'>vn.</span> <span class='ocrx_word' id='word_1_8' title='bbox 1599 271 1665 322; x_wconf 84' lang='grc'>89</span> 
     </span>
    </p>
   </div>
   <div class='ocr_carea' id='block_1_3' title="bbox 173 374 1779 598">
    <p class='ocr_par' dir='ltr' id='par_1_3' title="bbox 173 374 1779 598">
     <span class='ocr_line' id='line_1_3' title="bbox 173 374 1779 450; baseline -0.002 -17"><span class='ocrx_word' id='word_1_9' title='bbox 173 394 339 450; x_wconf 89' lang='lat' dir='ltr'>quam</span> <span class='ocrx_word' id='word_1_10' title='bbox 357 374 589 431; x_wconf 69' lang='lat' dir='ltr'>BasiluS.</span> <span class='ocrx_word' id='word_1_11' title='bbox 647 376 784 430; x_wconf 82' lang='lat' dir='ltr'>Rara</span> <span class='ocrx_word' id='word_1_12' title='bbox 802 376 859 429; x_wconf 89' lang='lat' dir='ltr'>in</span> <span class='ocrx_word' id='word_1_13' title='bbox 877 376 1023 430; x_wconf 84' lang='lat' dir='ltr'>tenui</span> <span class='ocrx_word' id='word_1_14' title='bbox 1041 374 1285 429; x_wconf 82' lang='lat' dir='ltr'>facundia</span> <span class='ocrx_word' id='word_1_15' title='bbox 1308 392 1498 446; x_wconf 88' lang='lat' dir='ltr'>panno.</span> <span class='ocrx_word' id='word_1_16' title='bbox 1697 383 1779 430; x_wconf 76' lang='lat'>145</span> 
     </span>
     <span class='ocr_line' id='line_1_4' title="bbox 173 447 1531 521; baseline -0.003 -13"><span class='ocrx_word' id='word_1_17' title='bbox 173 450 401 520; x_wconf 81' lang='lat' dir='ltr'><strong>Quando</strong></span> <span class='ocrx_word' id='word_1_18' title='bbox 418 450 538 505; x_wconf 85' lang='lat' dir='ltr'>licet</span> <span class='ocrx_word' id='word_1_19' title='bbox 554 448 765 504; x_wconf 84' lang='lat' dir='ltr'>flentem</span> <span class='ocrx_word' id='word_1_20' title='bbox 785 448 958 503; x_wconf 81' lang='lat' dir='ltr'>Basilo</span> <span class='ocrx_word' id='word_1_21' title='bbox 972 447 1260 521; x_wconf 86' lang='lat' dir='ltr'>producere</span> <span class='ocrx_word' id='word_1_22' title='bbox 1278 448 1531 504; x_wconf 71' lang='lat' dir='ltr'>matrem?</span> 
     </span>
     <span class='ocr_line' id='line_1_5' title="bbox 173 521 1519 598; baseline -0.003 -17"><span class='ocrx_word' id='word_1_23' title='bbox 173 528 301 598; x_wconf 82' lang='lat' dir='ltr'>quis</span> <span class='ocrx_word' id='word_1_24' title='bbox 318 526 457 580; x_wconf 85' lang='lat' dir='ltr'>bene</span> <span class='ocrx_word' id='word_1_25' title='bbox 472 525 730 580; x_wconf 81' lang='lat' dir='ltr'>dicentem</span> <span class='ocrx_word' id='word_1_26' title='bbox 754 523 990 579; x_wconf 79' lang='lat' dir='ltr'><strong>Basilum</strong></span> <span class='ocrx_word' id='word_1_27' title='bbox 1009 521 1177 578; x_wconf 74' lang='lat' dir='ltr'>ferat?</span> <span class='ocrx_word' id='word_1_28' title='bbox 1211 522 1446 594; x_wconf 77' lang='lat' dir='ltr'><strong>Accipiat</strong></span> <span class='ocrx_word' id='word_1_29' title='bbox 1467 530 1519 577; x_wconf 89' lang='lat' dir='ltr'>te</span> 
     </span>
    </p>
   </div>
   <div class='ocr_carea' id='block_1_4' title="bbox 94 596 1384 672">
    <p class='ocr_par' dir='ltr' id='par_1_4' title="bbox 94 596 1384 672">
     <span class='ocr_line' id='line_1_6' title="bbox 94 596 1384 672; baseline -0.005 -16"><span class='ocrx_word' id='word_1_30' title='bbox 94 667 99 672; x_wconf 27' lang='grc' dir='ltr'><strong><em>Ι</em></strong></span> <span class='ocrx_word' id='word_1_31' title='bbox 175 601 371 665; x_wconf 90' lang='lat' dir='ltr'>Gallia,</span> <span class='ocrx_word' id='word_1_32' title='bbox 393 597 477 655; x_wconf 81' lang='lat' dir='ltr'>vel</span> <span class='ocrx_word' id='word_1_33' title='bbox 499 599 676 669; x_wconf 86' lang='lat' dir='ltr'>potius</span> <span class='ocrx_word' id='word_1_34' title='bbox 697 597 958 653; x_wconf 90' lang='lat' dir='ltr'>nutricula</span> <span class='ocrx_word' id='word_1_35' title='bbox 976 596 1384 662; x_wconf 85' lang='lat' dir='ltr'>causidicorum,</span> 
     </span>
    </p>
   </div>
   <div class='ocr_carea' id='block_1_5' title="bbox 170 671 1794 2833">
    <p class='ocr_par' dir='ltr' id='par_1_5' title="bbox 172 671 1430 745">
     <span class='ocr_line' id='line_1_7' title="bbox 172 671 1430 745; baseline -0.004 -15"><span class='ocrx_word' id='word_1_36' title='bbox 172 674 369 739; x_wconf 75' lang='lat' dir='ltr'>Africa,</span> <span class='ocrx_word' id='word_1_37' title='bbox 396 674 443 727; x_wconf 86' lang='lat' dir='ltr'>si</span> <span class='ocrx_word' id='word_1_38' title='bbox 464 673 660 745; x_wconf 80' lang='lat' dir='ltr'>placuit</span> <span class='ocrx_word' id='word_1_39' title='bbox 677 672 969 727; x_wconf 88' lang='lat' dir='ltr'>mercedem</span> <span class='ocrx_word' id='word_1_40' title='bbox 986 688 1183 744; x_wconf 87' lang='lat' dir='ltr'>ponere</span> <span class='ocrx_word' id='word_1_41' title='bbox 1200 671 1430 744; x_wconf 82' lang='lat' dir='ltr'>linguae.</span> 
     </span>
    </p>

    <p class='ocr_par' dir='ltr' id='par_1_6' title="bbox 172 746 1777 970">
     <span class='ocr_line' id='line_1_8' title="bbox 247 746 1777 818; baseline -0.001 -15"><span class='ocrx_word' id='word_1_42' title='bbox 247 748 559 812; x_wconf 60' lang='lat' dir='ltr'>Declamare,</span> <span class='ocrx_word' id='word_1_43' title='bbox 573 746 761 802; x_wconf 76' lang='lat' dir='ltr'>doces?</span> <span class='ocrx_word' id='word_1_44' title='bbox 796 747 843 803; x_wconf 94' lang='grc' dir='ltr'>Ο</span> <span class='ocrx_word' id='word_1_45' title='bbox 868 746 1033 802; x_wconf 78' lang='lat' dir='ltr'>ferrea</span> <span class='ocrx_word' id='word_1_46' title='bbox 1049 754 1259 818; x_wconf 83' lang='lat' dir='ltr'>pectora</span> <span class='ocrx_word' id='word_1_47' title='bbox 1285 747 1451 813; x_wconf 78' lang='lat' dir='ltr'>Vectl,</span> <span class='ocrx_word' id='word_1_48' title='bbox 1701 760 1777 801; x_wconf 80' lang='grc'>150</span> 
     </span>
     <span class='ocr_line' id='line_1_9' title="bbox 173 820 1595 896; baseline -0.003 -17"><span class='ocrx_word' id='word_1_49' title='bbox 173 841 347 896; x_wconf 89' lang='lat' dir='ltr'>quum</span> <span class='ocrx_word' id='word_1_50' title='bbox 363 822 578 895; x_wconf 78' lang='lat' dir='ltr'>perimit</span> <span class='ocrx_word' id='word_1_51' title='bbox 601 838 786 877; x_wconf 82' lang='lat' dir='ltr'>saevos</span> <span class='ocrx_word' id='word_1_52' title='bbox 804 820 990 877; x_wconf 77' lang='lat' dir='ltr'>classis</span> <span class='ocrx_word' id='word_1_53' title='bbox 1008 838 1293 876; x_wconf 86' lang='lat' dir='ltr'>numerosa</span> <span class='ocrx_word' id='word_1_54' title='bbox 1311 830 1567 895; x_wconf 80' lang='lat' dir='ltr'>tyrannos</span> <span class='ocrx_word' id='word_1_55' title='bbox 1583 821 1595 875; x_wconf 90' lang='lat' dir='ltr'>l</span> 
     </span>
     <span class='ocr_line' id='line_1_10' title="bbox 172 894 1661 970; baseline -0.002 -17"><span class='ocrx_word' id='word_1_56' title='bbox 172 900 311 954; x_wconf 89' lang='lat' dir='ltr'>Nam</span> <span class='ocrx_word' id='word_1_57' title='bbox 331 913 699 969; x_wconf 86' lang='lat' dir='ltr'>quaecumque</span> <span class='ocrx_word' id='word_1_58' title='bbox 716 896 905 951; x_wconf 83' lang='lat' dir='ltr'>sedens</span> <span class='ocrx_word' id='word_1_59' title='bbox 924 896 1081 951; x_wconf 91' lang='lat' dir='ltr'>modo</span> <span class='ocrx_word' id='word_1_60' title='bbox 1100 895 1310 970; x_wconf 82' lang='lat' dir='ltr'>legerat,</span> <span class='ocrx_word' id='word_1_61' title='bbox 1332 897 1463 952; x_wconf 90' lang='lat' dir='ltr'>haec</span> <span class='ocrx_word' id='word_1_62' title='bbox 1479 894 1661 951; x_wconf 87' lang='lat' dir='ltr'>eadem</span> 
     </span>
    </p>

    <p class='ocr_par' dir='ltr' id='par_1_7' title="bbox 170 978 1778 1549">
     <span class='ocr_line' id='line_1_11' title="bbox 980 978 1128 1025; baseline 0 0"><span class='ocrx_word' id='word_1_63' title='bbox 980 978 1128 1025; x_wconf 84' lang='lat' dir='ltr'>stans</span> 
     </span>
     <span class='ocr_line' id='line_1_12' title="bbox 170 1044 1499 1119; baseline -0.002 -17"><span class='ocrx_word' id='word_1_64' title='bbox 170 1044 387 1119; x_wconf 84' lang='lat' dir='ltr'>profert,</span> <span class='ocrx_word' id='word_1_65' title='bbox 411 1052 571 1117; x_wconf 87' lang='lat' dir='ltr'>atque</span> <span class='ocrx_word' id='word_1_66' title='bbox 587 1044 769 1100; x_wconf 86' lang='lat' dir='ltr'>eadem</span> <span class='ocrx_word' id='word_1_67' title='bbox 792 1044 1021 1100; x_wconf 79' lang='lat' dir='ltr'>cantabit</span> <span class='ocrx_word' id='word_1_68' title='bbox 1044 1045 1293 1101; x_wconf 81' lang='lat' dir='ltr'>versibus</span> <span class='ocrx_word' id='word_1_69' title='bbox 1312 1045 1499 1100; x_wconf 72' lang='lat' dir='ltr'>isdem.</span> 
     </span>
     <span class='ocr_line' id='line_1_13' title="bbox 172 1118 1404 1192; baseline -0.002 -15"><span class='ocrx_word' id='word_1_70' title='bbox 172 1120 380 1177; x_wconf 80' lang='lat' dir='ltr'>Occidit</span> <span class='ocrx_word' id='word_1_71' title='bbox 403 1120 624 1176; x_wconf 84' lang='lat' dir='ltr'>miseros</span> <span class='ocrx_word' id='word_1_72' title='bbox 641 1118 854 1174; x_wconf 79' lang='lat' dir='ltr'>crambe</span> <span class='ocrx_word' id='word_1_73' title='bbox 869 1121 1081 1191; x_wconf 86' lang='lat' dir='ltr'>repetita</span> <span class='ocrx_word' id='word_1_74' title='bbox 1101 1119 1404 1192; x_wconf 78' lang='lat' dir='ltr'>magistros.</span> 
     </span>
     <span class='ocr_line' id='line_1_14' title="bbox 173 1193 1778 1267; baseline -0.002 -18"><span class='ocrx_word' id='word_1_75' title='bbox 173 1194 309 1262; x_wconf 83' lang='lat' dir='ltr'>Quis</span> <span class='ocrx_word' id='word_1_76' title='bbox 328 1193 469 1250; x_wconf 87' lang='lat' dir='ltr'>color</span> <span class='ocrx_word' id='word_1_77' title='bbox 484 1202 536 1250; x_wconf 83' lang='lat' dir='ltr'>et</span> <span class='ocrx_word' id='word_1_78' title='bbox 550 1193 699 1266; x_wconf 88' lang='lat' dir='ltr'>quod</span> <span class='ocrx_word' id='word_1_79' title='bbox 707 1193 973 1249; x_wconf 84' lang='lat' dir='ltr'>sitcausae</span> <span class='ocrx_word' id='word_1_80' title='bbox 981 1210 1173 1267; x_wconf 76' lang='lat' dir='ltr'>genua,</span> <span class='ocrx_word' id='word_1_81' title='bbox 1186 1193 1448 1266; x_wconf 86' lang='lat' dir='ltr'>atqueubi</span> <span class='ocrx_word' id='word_1_82' title='bbox 1458 1210 1668 1249; x_wconf 88' lang='lat' dir='ltr'>summa</span> <span class='ocrx_word' id='word_1_83' title='bbox 1702 1204 1778 1247; x_wconf 90' lang='grc'>155</span> 
     </span>
     <span class='ocr_line' id='line_1_15' title="bbox 172 1267 1487 1343; baseline -0.001 -18"><span class='ocrx_word' id='word_1_84' title='bbox 172 1269 432 1343; x_wconf 84' lang='lat' dir='ltr'>quaestio,</span> <span class='ocrx_word' id='word_1_85' title='bbox 453 1285 591 1340; x_wconf 89' lang='lat' dir='ltr'>quae</span> <span class='ocrx_word' id='word_1_86' title='bbox 608 1268 824 1325; x_wconf 83' lang='lat' dir='ltr'>veniant</span> <span class='ocrx_word' id='word_1_87' title='bbox 841 1268 1082 1323; x_wconf 85' lang='lat' dir='ltr'>diversae</span> <span class='ocrx_word' id='word_1_88' title='bbox 1104 1267 1235 1324; x_wconf 81' lang='lat' dir='ltr'>forte</span> <span class='ocrx_word' id='word_1_89' title='bbox 1252 1270 1487 1342; x_wconf 83' lang='lat' dir='ltr'>sagittae,</span> 
     </span>
     <span class='ocr_line' id='line_1_16' title="bbox 170 1342 1499 1409; baseline 0 -9"><span class='ocrx_word' id='word_1_90' title='bbox 170 1360 333 1400; x_wconf 86' lang='lat' dir='ltr'>nosse</span> <span class='ocrx_word' id='word_1_91' title='bbox 515 1352 538 1398; x_wconf 97' lang='lat' dir='ltr'>t</span> <span class='ocrx_word' id='word_1_92' title='bbox 554 1360 758 1409; x_wconf 75' lang='lat' dir='ltr'>omne-e,</span> <span class='ocrx_word' id='word_1_93' title='bbox 781 1343 1074 1398; x_wconf 86' lang='lat' dir='ltr'>mercedem</span> <span class='ocrx_word' id='word_1_94' title='bbox 1098 1342 1302 1398; x_wconf 87' lang='lat' dir='ltr'>solvere</span> <span class='ocrx_word' id='word_1_95' title='bbox 1328 1361 1499 1400; x_wconf 87' lang='lat' dir='ltr'>nemo.</span> 
     </span>
     <span class='ocr_line' id='line_1_17' title="bbox 173 1416 1671 1492; baseline 0.002 -21"><span class='ocrx_word' id='word_1_96' title='bbox 173 1420 297 1475; x_wconf 77' lang='lat' dir='ltr'>»Me</span> <span class='ocrx_word' id='word_1_97' title='bbox 534 1416 805 1491; x_wconf 72' lang='lat' dir='ltr'>appellas?</span> <span class='ocrx_word' id='word_1_98' title='bbox 839 1417 981 1484; x_wconf 86' lang='lat' dir='ltr'>Quid</span> <span class='ocrx_word' id='word_1_99' title='bbox 1007 1416 1153 1474; x_wconf 88' lang='lat' dir='ltr'>enim</span> <span class='ocrx_word' id='word_1_100' title='bbox 1170 1416 1349 1473; x_wconf 76' lang='lat' dir='ltr'>scio‘I«</span> <span class='ocrx_word' id='word_1_101' title='bbox 1387 1418 1555 1492; x_wconf 81' lang='lat' dir='ltr'>Culpa</span> <span class='ocrx_word' id='word_1_102' title='bbox 1573 1417 1671 1474; x_wconf 86' lang='lat' dir='ltr'>do·</span> 
     </span>
     <span class='ocr_line' id='line_1_18' title="bbox 568 1494 1150 1549; baseline -0.005 2"><span class='ocrx_word' id='word_1_103' title='bbox 568 1519 579 1526; x_wconf 75' lang='lat'><em>,</em></span> <span class='ocrx_word' id='word_1_104' title='bbox 982 1494 1150 1549; x_wconf 86' lang='lat' dir='ltr'>centis</span> 
     </span>
    </p>

    <p class='ocr_par' dir='ltr' id='par_1_8' title="bbox 172 1566 1794 2833">
     <span class='ocr_line' id='line_1_19' title="bbox 174 1566 1519 1642; baseline -0.001 -18"><span class='ocrx_word' id='word_1_105' title='bbox 174 1566 375 1624; x_wconf 85' lang='lat' dir='ltr'>scilicet</span> <span class='ocrx_word' id='word_1_106' title='bbox 392 1567 652 1642; x_wconf 81' lang='lat' dir='ltr'>arguitur,</span> <span class='ocrx_word' id='word_1_107' title='bbox 675 1567 820 1639; x_wconf 89' lang='lat' dir='ltr'>quod</span> <span class='ocrx_word' id='word_1_108' title='bbox 840 1567 987 1624; x_wconf 84' lang='lat' dir='ltr'>laeva</span> <span class='ocrx_word' id='word_1_109' title='bbox 1007 1570 1065 1625; x_wconf 88' lang='lat' dir='ltr'>in</span> <span class='ocrx_word' id='word_1_110' title='bbox 1083 1576 1233 1642; x_wconf 82' lang='lat' dir='ltr'>parte</span> <span class='ocrx_word' id='word_1_111' title='bbox 1250 1567 1519 1624; x_wconf 87' lang='lat' dir='ltr'>mamillae</span> 
     </span>
     <span class='ocr_line' id='line_1_20' title="bbox 174 1641 1782 1706; baseline -0.005 -7"><span class='ocrx_word' id='word_1_112' title='bbox 174 1642 254 1699; x_wconf 85' lang='lat' dir='ltr'>nil</span> <span class='ocrx_word' id='word_1_113' title='bbox 273 1642 397 1697; x_wconf 79' lang='lat' dir='ltr'>salit</span> <span class='ocrx_word' id='word_1_114' title='bbox 413 1641 666 1698; x_wconf 87' lang='lat' dir='ltr'>Arcadico</span> <span class='ocrx_word' id='word_1_115' title='bbox 683 1643 882 1706; x_wconf 79' lang='lat' dir='ltr'>iuveni,</span> <span class='ocrx_word' id='word_1_116' title='bbox 904 1644 1060 1698; x_wconf 84' lang='lat' dir='ltr'>euius</span> <span class='ocrx_word' id='word_1_117' title='bbox 1080 1644 1215 1697; x_wconf 89' lang='lat' dir='ltr'>mihi</span> <span class='ocrx_word' id='word_1_118' title='bbox 1232 1650 1384 1697; x_wconf 83' lang='lat' dir='ltr'>sexta</span> <span class='ocrx_word' id='word_1_119' title='bbox 1703 1650 1782 1691; x_wconf 80' lang='grc'>160</span> 
     </span>
     <span class='ocr_line' id='line_1_21' title="bbox 173 1712 1618 1791; baseline -0.005 -19"><span class='ocrx_word' id='word_1_120' title='bbox 173 1734 394 1791; x_wconf 87' lang='lat' dir='ltr'>quaque</span> <span class='ocrx_word' id='word_1_121' title='bbox 409 1716 497 1771; x_wconf 92' lang='lat' dir='ltr'>die</span> <span class='ocrx_word' id='word_1_122' title='bbox 513 1718 771 1770; x_wconf 85' lang='lat' dir='ltr'>miserum</span> <span class='ocrx_word' id='word_1_123' title='bbox 791 1716 943 1769; x_wconf 85' lang='lat' dir='ltr'>dirus</span> <span class='ocrx_word' id='word_1_124' title='bbox 958 1723 1119 1785; x_wconf 86' lang='lat' dir='ltr'>caput</span> <span class='ocrx_word' id='word_1_125' title='bbox 1137 1713 1397 1768; x_wconf 84' lang='lat' dir='ltr'>Hannibal</span> <span class='ocrx_word' id='word_1_126' title='bbox 1417 1712 1618 1782; x_wconf 88' lang='lat' dir='ltr'>implet,</span> 
     </span>
     <span class='ocr_line' id='line_1_22' title="bbox 172 1786 1604 1865; baseline -0.006 -18"><span class='ocrx_word' id='word_1_127' title='bbox 172 1790 447 1865; x_wconf 86' lang='lat' dir='ltr'>quidquid</span> <span class='ocrx_word' id='word_1_128' title='bbox 470 1790 526 1844; x_wconf 90' lang='lat' dir='ltr'>id</span> <span class='ocrx_word' id='word_1_129' title='bbox 543 1798 641 1854; x_wconf 86' lang='lat' dir='ltr'>est,</span> <span class='ocrx_word' id='word_1_130' title='bbox 661 1788 729 1842; x_wconf 86' lang='lat' dir='ltr'>de</span> <span class='ocrx_word' id='word_1_131' title='bbox 746 1804 855 1858; x_wconf 92' lang='lat' dir='ltr'>quo</span> <span class='ocrx_word' id='word_1_132' title='bbox 873 1788 1143 1850; x_wconf 83' lang='lat' dir='ltr'>deliberat,</span> <span class='ocrx_word' id='word_1_133' title='bbox 1167 1804 1236 1840; x_wconf 88' lang='lat' dir='ltr'>an</span> <span class='ocrx_word' id='word_1_134' title='bbox 1255 1793 1393 1855; x_wconf 86' lang='lat' dir='ltr'>petat</span> <span class='ocrx_word' id='word_1_135' title='bbox 1410 1786 1604 1840; x_wconf 89' lang='lat' dir='ltr'>Urbem</span> 
     </span>
     <span class='ocr_line' id='line_1_23' title="bbox 173 1859 1430 1932; baseline -0.01 -9"><span class='ocrx_word' id='word_1_136' title='bbox 173 1884 204 1922; x_wconf 87' lang='lat' dir='ltr'>a</span> <span class='ocrx_word' id='word_1_137' title='bbox 221 1865 446 1926; x_wconf 82' lang='lat' dir='ltr'>Cannis,</span> <span class='ocrx_word' id='word_1_138' title='bbox 470 1878 538 1916; x_wconf 90' lang='lat' dir='ltr'>an</span> <span class='ocrx_word' id='word_1_139' title='bbox 559 1868 677 1932; x_wconf 84' lang='lat' dir='ltr'>post</span> <span class='ocrx_word' id='word_1_140' title='bbox 696 1860 908 1914; x_wconf 85' lang='lat' dir='ltr'>nimbos</span> <span class='ocrx_word' id='word_1_141' title='bbox 927 1868 978 1913; x_wconf 87' lang='lat' dir='ltr'>et</span> <span class='ocrx_word' id='word_1_142' title='bbox 996 1859 1221 1912; x_wconf 79' lang='lat' dir='ltr'>fulmina</span> <span class='ocrx_word' id='word_1_143' title='bbox 1240 1864 1430 1911; x_wconf 83' lang='lat' dir='ltr'>cautus</span> 
     </span>
     <span class='ocr_line' id='line_1_24' title="bbox 172 1930 1402 2010; baseline -0.009 -14"><span class='ocrx_word' id='word_1_144' title='bbox 172 1942 506 2010; x_wconf 83' lang='lat' dir='ltr'>circumagat</span> <span class='ocrx_word' id='word_1_145' title='bbox 525 1934 764 1989; x_wconf 86' lang='lat' dir='ltr'>madidas</span> <span class='ocrx_word' id='word_1_146' title='bbox 782 1950 813 1988; x_wconf 91' lang='lat' dir='ltr'>a</span> <span class='ocrx_word' id='word_1_147' title='bbox 831 1939 1135 2005; x_wconf 84' lang='lat' dir='ltr'>tempestate</span> <span class='ocrx_word' id='word_1_148' title='bbox 1152 1930 1402 1987; x_wconf 81' lang='lat' dir='ltr'>cohortes,</span> 
     </span>
     <span class='ocr_line' id='line_1_25' title="bbox 173 2003 1785 2082; baseline -0.006 -14"><span class='ocrx_word' id='word_1_149' title='bbox 173 2015 451 2082; x_wconf 87' lang='lat' dir='ltr'>Quantum</span> <span class='ocrx_word' id='word_1_150' title='bbox 475 2010 558 2066; x_wconf 84' lang='lat' dir='ltr'>vis</span> <span class='ocrx_word' id='word_1_151' title='bbox 575 2006 845 2081; x_wconf 87' lang='lat' dir='ltr'>stipulare,</span> <span class='ocrx_word' id='word_1_152' title='bbox 866 2016 918 2063; x_wconf 90' lang='lat' dir='ltr'>et</span> <span class='ocrx_word' id='word_1_153' title='bbox 929 2015 1179 2079; x_wconf 82' lang='lat' dir='ltr'>protenus</span> <span class='ocrx_word' id='word_1_154' title='bbox 1200 2006 1390 2077; x_wconf 82' lang='lat' dir='ltr'>accipe,</span> <span class='ocrx_word' id='word_1_155' title='bbox 1404 2003 1550 2078; x_wconf 90' lang='lat' dir='ltr'>quod</span> <span class='ocrx_word' id='word_1_156' title='bbox 1566 2005 1653 2071; x_wconf 83' lang='lat' dir='ltr'>dc,</span> <span class='ocrx_word' id='word_1_157' title='bbox 1706 2014 1785 2059; x_wconf 79' lang='lat'>165</span> 
     </span>
     <span class='ocr_line' id='line_1_26' title="bbox 175 2081 1457 2145; baseline -0.005 0"><span class='ocrx_word' id='word_1_158' title='bbox 175 2098 238 2145; x_wconf 92' lang='lat' dir='ltr'>ut</span> <span class='ocrx_word' id='word_1_159' title='bbox 262 2088 417 2144; x_wconf 81' lang='lat' dir='ltr'>toties</span> <span class='ocrx_word' id='word_1_160' title='bbox 436 2085 593 2141; x_wconf 81' lang='lat' dir='ltr'>illum</span> <span class='ocrx_word' id='word_1_161' title='bbox 681 2092 759 2139; x_wconf 88' lang='lat' dir='ltr'>ter</span> <span class='ocrx_word' id='word_1_162' title='bbox 776 2084 969 2139; x_wconf 87' lang='lat' dir='ltr'>audiat.</span> <span class='ocrx_word' id='word_1_163' title='bbox 989 2114 1067 2125; x_wconf 92' lang='grc'>-</span> <span class='ocrx_word' id='word_1_164' title='bbox 1090 2084 1228 2137; x_wconf 91' lang='lat' dir='ltr'>Haec</span> <span class='ocrx_word' id='word_1_165' title='bbox 1246 2081 1337 2137; x_wconf 90' lang='lat' dir='ltr'>alii</span> <span class='ocrx_word' id='word_1_166' title='bbox 1360 2099 1457 2138; x_wconf 81' lang='lat' dir='ltr'>sex</span> 
     </span>
     <span class='ocr_line' id='line_1_27' title="bbox 175 2156 1324 2235; baseline -0.008 -15"><span class='ocrx_word' id='word_1_167' title='bbox 175 2173 228 2220; x_wconf 85' lang='lat' dir='ltr'>et</span> <span class='ocrx_word' id='word_1_168' title='bbox 255 2163 436 2235; x_wconf 83' lang='lat' dir='ltr'>plures</span> <span class='ocrx_word' id='word_1_169' title='bbox 455 2178 564 2216; x_wconf 89' lang='lat' dir='ltr'>uno</span> <span class='ocrx_word' id='word_1_170' title='bbox 596 2156 607 2176; x_wconf 78' lang='grc'>”</span> <span class='ocrx_word' id='word_1_171' title='bbox 644 2159 908 2216; x_wconf 87' lang='lat' dir='ltr'>nclamant</span> <span class='ocrx_word' id='word_1_172' title='bbox 924 2176 1013 2215; x_wconf 91' lang='lat' dir='ltr'>ore</span> <span class='ocrx_word' id='word_1_173' title='bbox 1030 2157 1324 2229; x_wconf 82' lang='lat' dir='ltr'>Sophistae,</span> 
     </span>
     <span class='ocr_line' id='line_1_28' title="bbox 178 2234 1230 2310; baseline -0.005 -17"><span class='ocrx_word' id='word_1_174' title='bbox 178 2246 232 2293; x_wconf 84' lang='lat' dir='ltr'>et</span> <span class='ocrx_word' id='word_1_175' title='bbox 255 2255 408 2293; x_wconf 83' lang='lat' dir='ltr'>veras</span> <span class='ocrx_word' id='word_1_176' title='bbox 426 2237 625 2310; x_wconf 83' lang='lat' dir='ltr'>agitant</span> <span class='ocrx_word' id='word_1_177' title='bbox 643 2234 778 2302; x_wconf 81' lang='lat' dir='ltr'>litea,</span> <span class='ocrx_word' id='word_1_178' title='bbox 809 2242 1015 2308; x_wconf 79' lang='lat' dir='ltr'>raptore</span> <span class='ocrx_word' id='word_1_179' title='bbox 1031 2234 1230 2290; x_wconf 86' lang='lat' dir='ltr'>relicto.</span> 
     </span>
     <span class='ocr_line' id='line_1_29' title="bbox 177 2307 1570 2384; baseline -0.006 -14"><span class='ocrx_word' id='word_1_180' title='bbox 177 2313 326 2370; x_wconf 81' lang='lat' dir='ltr'>Fusa</span> <span class='ocrx_word' id='word_1_181' title='bbox 345 2329 545 2368; x_wconf 82' lang='lat' dir='ltr'>venena</span> <span class='ocrx_word' id='word_1_182' title='bbox 564 2310 738 2376; x_wconf 81' lang='lat' dir='ltr'>silent,</span> <span class='ocrx_word' id='word_1_183' title='bbox 760 2310 935 2366; x_wconf 83' lang='lat' dir='ltr'>malus</span> <span class='ocrx_word' id='word_1_184' title='bbox 955 2311 1307 2384; x_wconf 81' lang='lat' dir='ltr'>ingratusque</span> <span class='ocrx_word' id='word_1_185' title='bbox 1329 2307 1570 2370; x_wconf 74' lang='lat' dir='ltr'>marituS,</span> 
     </span>
     <span class='ocr_line' id='line_1_30' title="bbox 179 2385 1789 2459; baseline -0.007 -16"><span class='ocrx_word' id='word_1_186' title='bbox 179 2395 234 2443; x_wconf 91' lang='lat' dir='ltr'>et</span> <span class='ocrx_word' id='word_1_187' title='bbox 254 2404 390 2459; x_wconf 86' lang='lat' dir='ltr'>quae</span> <span class='ocrx_word' id='word_1_188' title='bbox 409 2387 515 2442; x_wconf 87' lang='lat' dir='ltr'>iam</span> <span class='ocrx_word' id='word_1_189' title='bbox 535 2393 733 2442; x_wconf 77' lang='lat' dir='ltr'>veteres</span> <span class='ocrx_word' id='word_1_190' title='bbox 750 2392 941 2442; x_wconf 83' lang='lat' dir='ltr'>sanant</span> <span class='ocrx_word' id='word_1_191' title='bbox 962 2385 1210 2441; x_wconf 87' lang='lat' dir='ltr'>mortaria</span> <span class='ocrx_word' id='word_1_192' title='bbox 1226 2399 1420 2439; x_wconf 79' lang='lat' dir='ltr'>caecos.</span> <span class='ocrx_word' id='word_1_193' title='bbox 1709 2389 1789 2432; x_wconf 80' lang='lat'>17⁰</span> 
     </span>
     <span class='ocr_line' id='line_1_31' title="bbox 179 2457 1553 2536; baseline -0.005 -19"><span class='ocrx_word' id='word_1_194' title='bbox 179 2463 326 2536; x_wconf 84' lang='lat' dir='ltr'>Ergo</span> <span class='ocrx_word' id='word_1_195' title='bbox 344 2461 451 2518; x_wconf 82' lang='lat' dir='ltr'>sibi</span> <span class='ocrx_word' id='word_1_196' title='bbox 467 2461 614 2528; x_wconf 73' lang='lat' dir='ltr'>dabit</span> <span class='ocrx_word' id='word_1_197' title='bbox 632 2462 744 2532; x_wconf 82' lang='lat' dir='ltr'>ipse</span> <span class='ocrx_word' id='word_1_198' title='bbox 762 2461 971 2524; x_wconf 84' lang='lat' dir='ltr'>rudem,</span> <span class='ocrx_word' id='word_1_199' title='bbox 993 2460 1042 2515; x_wconf 88' lang='lat' dir='ltr'>si</span> <span class='ocrx_word' id='word_1_200' title='bbox 1068 2466 1244 2515; x_wconf 81' lang='lat' dir='ltr'>nostra</span> <span class='ocrx_word' id='word_1_201' title='bbox 1266 2457 1553 2512; x_wconf 81' lang='lat' dir='ltr'>movebunt</span> 
     </span>
     <span class='ocr_line' id='line_1_32' title="bbox 183 2532 1419 2606; baseline -0.005 -15"><span class='ocrx_word' id='word_1_202' title='bbox 183 2537 420 2601; x_wconf 86' lang='lat' dir='ltr'>consilia,</span> <span class='ocrx_word' id='word_1_203' title='bbox 443 2543 495 2591; x_wconf 84' lang='lat' dir='ltr'>et</span> <span class='ocrx_word' id='word_1_204' title='bbox 513 2536 650 2591; x_wconf 86' lang='lat' dir='ltr'>vitae</span> <span class='ocrx_word' id='word_1_205' title='bbox 668 2535 940 2590; x_wconf 82' lang='lat' dir='ltr'>diversum</span> <span class='ocrx_word' id='word_1_206' title='bbox 963 2535 1061 2589; x_wconf 81' lang='lat' dir='ltr'>iter</span> <span class='ocrx_word' id='word_1_207' title='bbox 1077 2532 1419 2606; x_wconf 83' lang='lat' dir='ltr'>ingredietur,</span> 
     </span>
     <span class='ocr_line' id='line_1_33' title="bbox 186 2605 1607 2687; baseline -0.01 -19"><span class='ocrx_word' id='word_1_208' title='bbox 186 2612 255 2667; x_wconf 88' lang='lat' dir='ltr'>ad</span> <span class='ocrx_word' id='word_1_209' title='bbox 272 2629 510 2687; x_wconf 80' lang='lat' dir='ltr'>pugnam</span> <span class='ocrx_word' id='word_1_210' title='bbox 528 2612 625 2682; x_wconf 85' lang='lat' dir='ltr'>qui</span> <span class='ocrx_word' id='word_1_211' title='bbox 644 2610 894 2664; x_wconf 87' lang='lat' dir='ltr'>rhetorica</span> <span class='ocrx_word' id='word_1_212' title='bbox 914 2607 1183 2662; x_wconf 78' lang='lat' dir='ltr'>descendit</span> <span class='ocrx_word' id='word_1_213' title='bbox 1202 2605 1269 2660; x_wconf 89' lang='lat' dir='ltr'>ab</span> <span class='ocrx_word' id='word_1_214' title='bbox 1285 2605 1495 2668; x_wconf 89' lang='lat' dir='ltr'>umbra,</span> <span class='ocrx_word' id='word_1_215' title='bbox 1601 2647 1607 2654; x_wconf 90' lang='lat'><em>.</em></span> 
     </span>
     <span class='ocr_line' id='line_1_34' title="bbox 186 2680 1417 2756; baseline -0.006 -13"><span class='ocrx_word' id='word_1_216' title='bbox 186 2686 461 2746; x_wconf 77' lang='lat' dir='ltr'>summula</span> <span class='ocrx_word' id='word_1_217' title='bbox 480 2702 548 2741; x_wconf 89' lang='lat' dir='ltr'>ne</span> <span class='ocrx_word' id='word_1_218' title='bbox 566 2690 758 2756; x_wconf 79' lang='lat' dir='ltr'>pereat,</span> <span class='ocrx_word' id='word_1_219' title='bbox 781 2700 889 2755; x_wconf 85' lang='lat' dir='ltr'>qua</span> <span class='ocrx_word' id='word_1_220' title='bbox 908 2680 1034 2736; x_wconf 86' lang='lat' dir='ltr'>vilis</span> <span class='ocrx_word' id='word_1_221' title='bbox 1050 2687 1247 2736; x_wconf 81' lang='lat' dir='ltr'>tessera</span> <span class='ocrx_word' id='word_1_222' title='bbox 1272 2680 1417 2735; x_wconf 81' lang='lat' dir='ltr'>venit</span> 
     </span>
     <span class='ocr_line' id='line_1_35' title="bbox 188 2753 1794 2833; baseline -0.012 -15"><span class='ocrx_word' id='word_1_223' title='bbox 188 2760 469 2820; x_wconf 76' lang='lat' dir='ltr'>frumenti:</span> <span class='ocrx_word' id='word_1_224' title='bbox 511 2760 712 2833; x_wconf 82' lang='lat' dir='ltr'>quippe</span> <span class='ocrx_word' id='word_1_225' title='bbox 729 2758 859 2815; x_wconf 83' lang='lat' dir='ltr'>haec</span> <span class='ocrx_word' id='word_1_226' title='bbox 875 2772 1074 2812; x_wconf 79' lang='lat' dir='ltr'>merces</span> <span class='ocrx_word' id='word_1_227' title='bbox 1095 2754 1407 2812; x_wconf 79' lang='lat' dir='ltr'>lautissima.</span> <span class='ocrx_word' id='word_1_228' title='bbox 1472 2753 1654 2813; x_wconf 84' lang='lat' dir='ltr'>Teuta,</span> <span class='ocrx_word' id='word_1_229' title='bbox 1715 2756 1794 2798; x_wconf 80' lang='grc'>175</span> 
     </span>
    </p>
   </div>
  </div>
 </body>
</html>
