2209 3217
689 233 974 280 sATmA
1010 235 1147 283 vm.
1592 229 1656 282 97

179 337 326 385 nocte
340 330 590 401 quidem,
633 331 724 385 sed
750 329 877 385 luna
898 331 1056 395 videt,
1076 332 1169 386 sed
1187 334 1354 389 sidera
1376 342 1527 391 testes

177 401 459 458 intendunt
477 403 677 459 oculo&
733 405 775 460 F
781 404 971 459 initum
989 413 1199 477 tempus
1216 406 1426 463 honoris
1693 420 1770 462 15⁰
1791 401 1802 407 ’

176 497 348 551 quum
369 477 543 544 fuerit,
565 478 702 533 clara
724 479 1074 552 Damasippus
1092 479 1210 534 luce
1227 477 1490 553 flagellum

177 562 370 615 sumet,
392 562 443 608 et
459 570 736 608 occursum
757 572 1024 627 nusquam
1044 554 1325 626 trepidabit
1341 557 1496 610 amici

178 630 283 683 iam
305 628 468 693 seniS,
491 645 552 683 ac
572 630 717 702 virga
737 630 880 701 prior
898 629 1108 694 adnuet,
1133 638 1292 702 atque
1310 629 1571 703 maniplos

178 703 364 767 solvet,
386 711 435 756 et
453 702 693 758 infundet
706 705 955 760 iumentis
975 706 1168 761 hordea
1189 705 1361 760 lassis.

176 780 396 840 Interea,
420 776 549 832 dum
570 777 767 834 lanatas
786 787 1103 853 torvumque
1129 782 1414 836 iuvencum
1695 792 1771 835 155

176 869 325 910 more
342 853 547 907 Numae
563 854 729 908 caedit
748 854 885 909 Iovis
906 862 1024 910 ante
1041 855 1240 920 altaria,
1265 856 1403 911 iurat

176 926 347 981 solam
365 927 603 998 Eponam
624 936 674 982 et
690 927 845 983 facies
863 928 1001 984 olida
1022 930 1089 985 ad
1106 932 1370 1002 praesepia
1392 930 1577 1001 pictas.

176 1000 282 1056 Sed
305 1018 475 1073 quum
501 1002 781 1077 pervigiles
798 1002 966 1075 placet
985 1004 1274 1059 instaurare
1293 1006 1547 1076 popinas3

176 1076 371 1130 obvius
392 1076 612 1132 adsiduo
630 1076 996 1152 Syrophoenix
1014 1080 1155 1134 udus
1180 1096 1389 1134 amomo

175 1150 359 1215 currit,
383 1151 658 1216 Idumaeae
675 1152 1042 1227 Syrophoenix
1063 1153 1233 1209 incola
1253 1161 1447 1225 portae,
1697 1162 1774 1206 100

176 1224 403 1297 hospitis
421 1225 603 1280 affectu
621 1226 899 1282 dominum
919 1245 1203 1301 regemque
1222 1228 1427 1293 salutat,

177 1308 228 1356 et
250 1317 378 1355 cum
396 1301 568 1355 venali
590 1300 768 1376 Cyane
786 1303 1053 1362 succincta
1067 1303 1267 1375 lagena.

250 1374 502 1430 Defensor
517 1375 702 1448 culpae
725 1376 860 1432 dicet
877 1378 1038 1433 mihi:
1077 1379 1316 1434 Fecimus
1333 1387 1381 1434 et
1400 1396 1492 1433 nos

178 1453 304 1504 haec
322 1455 548 1506 iuvenes.
604 1451 750 1507 Esto.
809 1453 997 1508 Desisti
1016 1471 1222 1526 nempe,
1248 1471 1342 1509 nec
1364 1453 1494 1508 ultra
1575 1468 1582 1476 ·

180 1523 356 1580 fovisti
377 1542 624 1581 errorem.
683 1527 845 1584 Breve
862 1528 948 1593 sit,
974 1529 1119 1601 quod
1138 1529 1359 1601 turpiter
1378 1528 1559 1583 audes.
1697 1538 1774 1583 105

178 1599 449 1666 Quaedam
469 1617 593 1656 cum
613 1603 784 1673 prima
802 1612 1098 1660 resecentur
1116 1605 1335 1659 crimina
1358 1603 1537 1657 barba.

178 1674 405 1748 Indulge
424 1676 631 1730 veniam
652 1677 850 1747 pueriS.
907 1673 1258 1750 Damasippus
1278 1677 1345 1731 ad
1365 1676 1484 1731 illos

178 1749 509 1804 thermarum
526 1749 712 1804 calices
732 1750 1088 1823 inscriptaque
1106 1751 1264 1805 lintea
1286 1750 1446 1816 vadit,

177 1831 424 1879 maturus
444 1820 601 1886 bello,
624 1822 899 1894 Armeniae
917 1823 1205 1898 Syriaeque
1222 1822 1434 1880 tuendis

176 1897 435 1954 amnibus
454 1902 506 1950 et
528 1895 711 1951 Rheno
728 1905 885 1969 atque
901 1898 1047 1953 Istro.
1105 1900 1371 1952 Praestare
1389 1898 1648 1953 Neronem
1700 1910 1779 1953 170

178 1985 430 2028 securum
450 1969 586 2025 valet
604 1971 732 2026 haec
749 1978 903 2028 aetas.
961 1974 1107 2029 Mitte
1132 1971 1295 2038 Ostia,
1318 1971 1529 2039 Caesar,

177 2050 358 2113 mitte;
403 2045 497 2100 sed
517 2045 571 2101 in
599 2063 793 2121 magna
811 2046 1041 2122 legatum
1060 2065 1253 2122 quaere
1271 2048 1492 2120 popina:
1589 2097 1594 2102 .

178 2122 420 2177 invenies
439 2120 619 2194 aliquo
637 2138 761 2186 cum
781 2140 1086 2195 percussore
1104 2125 1374 2190 iacentem,

178 2198 508 2269 permixtum
527 2198 701 2253 nautis
720 2207 811 2254 aut
827 2197 1037 2256 furibus
1060 2208 1153 2255 aut
1170 2198 1428 2274 fugitivis,

181 2273 318 2327 inter
335 2270 604 2327 carnifices
623 2280 674 2330 et
689 2271 863 2330 fabros
883 2275 1279 2347 sandapilarum
1704 2284 1779 2326 175

181 2354 231 2401 et
248 2347 538 2418 resupinati
556 2349 810 2404 cessantia
828 2357 1081 2424 tympana
1102 2349 1260 2415 Galli,

182 2438 351 2493 aequa
374 2421 468 2476 ubi
489 2421 717 2489 libertem,
739 2425 1040 2479 communia
1060 2424 1264 2496 pocula,
1290 2422 1454 2480 lectus

185 2514 288 2550 non
310 2496 449 2550 alius
467 2497 735 2569 cuiquam,
765 2515 859 2552 nec
879 2516 1060 2554 mensa
1083 2498 1325 2553 remotior
1343 2495 1463 2552 ulli.

184 2569 326 2636 Quid
345 2569 521 2637 facias,
547 2571 702 2626 talem
720 2573 953 2635 sortitus,
974 2573 1202 2636 Pontice,
1225 2569 1477 2626 servum?

186 2646 387 2716 Nempe
414 2646 466 2699 in
487 2647 726 2701 Lucanos
744 2653 836 2701 aut
855 2647 1023 2701 Tusca
1042 2646 1304 2720 ergastula
1324 2647 1517 2701 mittas.
1706 2656 1782 2698 180

186 2721 254 2774 At
271 2736 386 2786 vos,
410 2721 750 2796 Troiugenae,
772 2720 925 2778 vobis
944 2721 1232 2797 ignoscitis,
1254 2730 1321 2789 et,
1351 2739 1487 2795 quae

264 2812 499 2869 ῐσνειω..
526 2893 541 2898 ν
1407 2814 1456 2870 G

2025 3095 2127 3117 Λ
