2209 3217
517 260 581 312 92
1051 260 1473 308 IUVENALIS

514 370 566 417 et
581 369 726 432 pater
745 360 915 431 ipsius
934 369 1133 425 coetus,
1158 378 1224 416 ne
1242 359 1416 431 turpia
1434 357 1636 422 ludant,

405 444 486 491 240
515 453 582 490 ne
605 434 796 490 faciant
815 435 1037 491 vicibus.
1096 437 1214 491 Non
1234 442 1313 489 est
1332 434 1461 498 leve,
1484 439 1558 487 tot
1575 448 1865 503 puerorum

458 557 475 574 ,
514 509 793 565 observare
810 526 1004 565 manus
1023 508 1310 579 oculosque
1327 509 1383 562 in
1405 507 1512 562 fine
1529 514 1824 562 trementes.

515 585 667 648 Haec,
690 584 882 656 inquit,
904 601 1074 644 cures,
1098 589 1167 648 et,
1193 599 1365 653 quum
1382 597 1441 635 se
1462 582 1682 637 verterit
1691 598 1891 646 annus,

517 658 708 729 accipe,
737 659 918 714 victori
938 657 1170 729 populus
1190 655 1336 727 quod
1352 655 1599 727 postulat,
1623 673 1838 712 aurum.

885 890 1367 948 SATIRA
1457 890 1646 950 VIII.

520 1032 604 1071 AR
619 1031 670 1069 G.
696 1030 761 1068 Dc
784 1029 900 1067 vitii·
920 995 1142 1075 nobilium,
1168 1029 1312 1079 quibu·
1330 1030 1552 1079 opponitur
1566 1041 1663 1068 vert
1681 1027 1877 1067 nobilitas
1898 1035 2020 1079 atque

1188 1092 1335 1131 virtus.

599 1167 896 1231 Stemmata
924 1175 1057 1249 quid
1082 1174 1318 1233 faciunt?
1330 1174 1494 1305 ¹(quid
1527 1174 1757 1247 prodest,
1781 1175 2015 1239 Pontice,

1384 1269 1417 1306 n

523 1322 784 1395 sanguine
800 1324 1019 1390 censeri,
1042 1329 1315 1398 pictosque
1330 1266 1602 1381 ostogxidere
1618 1323 1802 1379 vultus

523 1398 805 1462 maiorum,
831 1404 881 1451 et
899 1407 1096 1454 stantes
1116 1400 1172 1453 in
1190 1400 1436 1455 curribus
1454 1398 1796 1462 Aemilianos,

524 1478 574 1525 et
594 1470 780 1526 Curios
797 1470 904 1525 iam
923 1472 1192 1536 dimidios,
1216 1473 1575 1546 humerosque
1594 1474 1855 1528 minorem

202 1573 209 1581 ·
314 1576 319 1579 ’
366 1553 391 1611 2¹⁴
416 1548 455 1602 ἶ.
524 1544 834 1611 Corvinum,
865 1550 917 1599 et
946 1544 1172 1600 Galbam
1192 1547 1444 1602 auriculis
1466 1565 1701 1620 nasoque
1717 1545 2022 1602 carentem‘?

524 1618 656 1687 Quis
675 1616 878 1676 fructus
896 1620 1104 1691 generis
1122 1620 1301 1675 tabula
1316 1621 1503 1677 iactare
1520 1622 1697 1694 capaci

255 1767 263 1775 .
354 1684 361 1687 ’
436 1723 469 1755 ·.
525 1693 864 1832 {cm-vinum,
880 1694 1101 1766 posthac
1118 1695 1285 1752 multa
1303 1698 1608 1771 contingere
1628 1693 1796 1771 virga]

462 1777 500 1808 ‘v
547 1785 754 1826 amoses
771 1769 1029 1842 Equitum
1048 1788 1174 1826 cum
1194 1772 1447 1827 Dictatore
1465 1773 1761 1846 magistros,

524 1846 573 1899 si
596 1861 776 1900 coram
792 1845 1005 1916 Lepidis
1023 1846 1162 1902 male
1181 1846 1414 1902 vivitur?
1449 1846 1667 1921 Effigies
1685 1861 1796 1919 quo

417 1929 469 1971 10
526 1927 600 1973 tot
621 1918 956 1985 bellatorum,
978 1922 1027 1975 si
1049 1921 1252 1977 luditur
1270 1921 1379 1977 alea
1400 1938 1603 1993 pernox

525 1999 645 2047 ante
661 1994 1038 2062 Numantinos3
1081 1996 1129 2049 si
1148 1996 1377 2050 dormire
1396 1993 1587 2066 incipis
1605 2001 1724 2049 ortu

450 2098 455 2104 ·
525 2063 770 2129 Luciferi,
792 2081 901 2136 quo
916 2066 1070 2138 signa
1089 2068 1249 2123 ducae
1267 2076 1318 2124 et
1336 2076 1502 2123 castra
1525 2066 1842 2123 movebant?
2021 2091 2029 2121 ι

527 2137 636 2195 Cur
651 2137 998 2210 Allobrogicis
1014 2148 1067 2194 et
1082 2158 1276 2213 magna
1293 2141 1518 2214 gaudeat
1536 2158 1626 2195 ara

527 2220 683 2269 natus
702 2214 758 2269 in
777 2211 1028 2267 Herculeo
1043 2214 1244 2270 Fabius
1261 2213 1387 2279 lare,
1410 2215 1458 2268 si
1476 2213 1720 2286 cupidus,
1746 2215 1795 2268 si

417 2298 469 2342 15
526 2305 698 2345 vanus
721 2295 773 2344 et
789 2288 1040 2362 Euganea
1063 2289 1411 2360 quantumvis
1429 2288 1639 2345 mollior
1656 2287 1832 2363 agna?

527 2363 574 2417 si
594 2370 833 2419 tenerum
851 2362 1072 2419 adtritus
1093 2363 1360 2420 Catinensi
1379 2364 1592 2435 pumice
1610 2364 1860 2420 lumbum

527 2439 829 2510 squalentes
850 2437 1090 2510 producit
1104 2455 1250 2504 avos,
1276 2446 1549 2512 emtorque
1566 2439 1758 2496 veneni

527 2511 815 2586 frangenda
833 2514 1083 2570 miseram
1108 2513 1337 2570 funestat
1355 2515 1586 2589 imagine
1602 2521 1815 2589 gentem
1822 2512 1863 2567 ‘?·

529 2587 656 2640 Tota
675 2587 794 2642 licet
808 2595 1008 2645 veteres
1030 2595 1285 2645 exornent
1304 2590 1543 2662 undique
1554 2607 1701 2648 cerae

418 2668 472 2715 20
528 2661 676 2725 atria,
701 2660 944 2717 nobilitas
964 2664 1077 2720 sola
1092 2672 1174 2720 est
1192 2680 1350 2737 atque
1364 2666 1521 2721 unica
1547 2667 1738 2721 virtus.

527 2732 726 2789 Paulus
745 2733 828 2789 vel
849 2735 1045 2794 Cossus
1065 2738 1148 2795 vel
1170 2740 1373 2795 Drusus
1393 2740 1630 2795 moribus
1646 2745 1784 2794 esto:

2180 1565 2187 1602 l
