2209 3217
583 262 649 316 72
1111 267 1534 315 IUVENALIS

584 365 827 439 Adspice,
850 382 960 438 quo
977 364 1189 422 fremitu
1210 375 1523 424 monstratos
1540 365 1761 439 perferat
1782 367 1922 423 ictus

582 448 634 495 et
651 448 851 513 quanto
873 441 1054 515 galeae
1066 450 1317 497 curvetur
1339 442 1585 513 pondere,
1609 449 1807 513 quanta

582 514 873 587 poplitibus
890 516 1082 581 sedeat,
1104 533 1270 587 quam
1291 516 1455 570 denso
1472 515 1630 570 fascia
1647 515 1799 580 libro,

582 598 634 645 et
652 590 782 656 ride,
804 590 990 662 positis
1009 590 1290 660 scaphium
1309 607 1478 661 quum
1499 590 1730 644 sumitur
1747 590 1938 645 armis.

475 676 554 719 265
580 665 744 720 Dicite
762 681 875 730 vos,
899 671 1080 735 neptes
1099 663 1285 736 Lepidi
1303 664 1507 718 caecive
1523 664 1734 728 Metelli,

584 739 825 813 Gurgitis
845 746 935 793 aut
952 738 1123 803 Fabii,
1144 754 1286 809 quae
1301 737 1447 792 ludia
1468 739 1720 793 sumserit
1736 754 1999 809 umquam

583 814 681 869 bos
709 812 958 868 habitus?
996 811 1223 879 Quando
1249 814 1316 867 ad
1333 811 1516 884 palum
1546 813 1715 885 gemit
1731 829 1868 866 uxor
1886 812 2087 887 Asyli?

660 888 877 959 Semper
893 887 1051 941 habet
1071 886 1188 941 lites
1209 887 1514 958 alternaque
1534 886 1707 960 iurgia
1728 886 1911 951 lectus,

587 962 643 1018 in
661 979 769 1035 quo
788 969 952 1033 nupta
973 961 1129 1016 iacet:
1171 962 1460 1016 minimum
1478 962 1737 1016 dormitur
1757 961 1813 1015 in
1835 960 1944 1017 illo.

477 1047 557 1090 270
586 1037 736 1092 Tunc
752 1037 932 1110 gravis
952 1035 1043 1092 illa
1061 1036 1196 1101 vir0,
1218 1043 1347 1090 tunc
1361 1035 1486 1091 orba
1507 1035 1696 1109 tigride
1712 1035 1879 1106 peior.

583 1110 763 1178 Quum
785 1110 1001 1166 simulat
1017 1110 1250 1183 gemitus
1266 1109 1454 1164 occulti
1473 1110 1679 1164 conscia
1698 1108 1838 1174 facti,

584 1193 676 1240 aut
691 1186 802 1240 odit
819 1202 1030 1257 pueros,
1056 1193 1148 1239 aut
1165 1185 1283 1239 ficta
1301 1183 1483 1256 pellice
1502 1183 1687 1254 plorat,

582 1260 837 1314 uberibus
855 1276 1063 1331 semper
1086 1258 1338 1315 lacrumis
1357 1274 1670 1330 semperque
1681 1259 1885 1330 paratis

585 1334 641 1388 in
660 1334 878 1388 statione
897 1350 993 1388 sua
1014 1341 1173 1404 atque
1189 1333 1613 1404 exspectantibus
1637 1331 1804 1398 illam,

420 1409 421 1412 ’
474 1417 552 1460 275
580 1424 689 1479 quo
715 1407 890 1462 iubeat
906 1424 1123 1461 manare
1143 1406 1331 1462 modo:
1371 1415 1430 1462 tu
1446 1407 1617 1462 credis
1638 1424 1892 1471 amorem,

581 1490 641 1536 tu
661 1482 758 1535 tibi
775 1487 903 1535 tunc
917 1497 1141 1535 curruca
1158 1480 1351 1551 places„
1377 1480 1665 1552 fletumque
1682 1480 1890 1536 labellis

582 1555 847 1619 exsorbes,
876 1571 1013 1626 quae
1031 1554 1222 1625 scripta
1241 1560 1292 1609 et
1311 1562 1441 1626 quot
1458 1555 1652 1612 lecture
1668 1555 1903 1622 tabellas,

581 1629 627 1684 si
649 1628 747 1685 tibi
765 1629 1032 1703 zelotypae
1056 1636 1357 1702 retegantur
1374 1630 1568 1685 scrinia
1590 1630 1860 1686 moechae!

582 1703 687 1760 Sed
708 1703 837 1759 iacet
854 1704 910 1759 iu
929 1704 1077 1759 servi
1092 1702 1461 1775 complexibus
1479 1713 1570 1760 aut
1592 1706 1807 1778 equitis.
1873 1705 1987 1772 Dic,

473 1786 553 1831 280
580 1778 667 1834 dic
682 1778 933 1851 aliquem,
955 1779 1132 1844 sodes,
1155 1778 1261 1844 hic,
1285 1779 1626 1847 Quintiliane,
1647 1779 1889 1835 colorem.

582 1855 904 1910 »Haeremus
923 1875 934 1909 :
977 1853 1063 1909 dic
1079 1854 1214 1925 ipsa.
1227 1874 1255 1907 α
1307 1853 1446 1910 Olim
1465 1863 1785 1918 convenerat,
1810 1854 2008 1926 inquit,

580 1936 640 1982 ut
655 1934 855 1998 faceres
873 1938 945 1992 tu,
969 1933 1106 1997 quod
1123 1931 1295 1993 velles,
1316 1946 1411 1984 nec
1430 1947 1533 1985 non
1551 1947 1642 1998 eqo
1654 1946 1859 1997 possem

580 2006 849 2070 indulqere
863 2006 1006 2058 milii.
1068 2002 1270 2058 Clamas
1289 2006 1409 2058 licet
1425 2013 1476 2059 et
1492 2020 1636 2058 mare
1655 2006 1795 2056 coelo

583 2080 894 2144 confundas:
930 2080 1078 2132 homo
1094 2095 1225 2132 sum.
1281 2075 1428 2131 Nihil
1446 2084 1525 2131 est
1542 2074 1794 2131 audacius
1814 2073 1925 2130 illis

472 2157 552 2202 285
579 2149 878 2221 deprensis:
920 2151 1053 2206 iram
1081 2159 1240 2223 atque
1258 2151 1465 2205 animos
1484 2167 1514 2204 a
1531 2149 1752 2204 crimine
1769 2161 2021 2210 sumunt.

522 2245 527 2260 ·
581 2224 732 2280 Unde
748 2225 877 2281 haec
893 2233 1128 2282 monstra
1145 2232 1322 2278 tamen
1340 2222 1423 2277 vel
1438 2222 1622 2294 quode
1635 2221 1792 2290 fonte,
1807 2219 2085 2300 requiris?

579 2299 879 2354 Praestabat
893 2305 1062 2352 castas
1082 2296 1304 2353 humilis
1324 2296 1531 2354 fortuna
1550 2298 1765 2354 Latinas

580 2374 868 2445 quondam,
900 2388 996 2429 nec
1009 2372 1154 2426 vitiis
1172 2371 1406 2446 contingi
1423 2391 1588 2447 parva
1604 2374 1811 2431 sinebat

580 2455 711 2502 tecta
731 2446 894 2511 labor,
916 2447 1198 2518 somnique
1220 2446 1425 2515 breves,
1447 2456 1499 2505 et
1516 2449 1707 2506 vellere
1726 2450 1898 2507 Tusco

471 2529 552 2574 290
578 2529 795 2576 vexatae
810 2520 1080 2593 duraeque
1097 2539 1309 2585 manus,
1334 2540 1398 2578 ac
1409 2526 1687 2597 proximus
1706 2525 1837 2581 Urbi

560 2593 860 2660 Hannibal,
883 2603 934 2650 et
953 2602 1150 2653 stantes
1168 2596 1373 2654 Collina
1393 2600 1448 2656 in
1467 2609 1613 2656 turre
1630 2600 1825 2655 mariti.

580 2668 736 2720 Nunc
751 2669 984 2737 patimur
1000 2671 1189 2745 longae
1205 2673 1349 2744 pacis
1368 2675 1525 2730 mala.
1582 2675 1795 2731 Saevior
1812 2677 1981 2732 armis

580 2739 793 2794 luxuria
811 2741 1069 2810 incubuit,
1092 2747 1403 2819 victumque
1422 2749 1695 2805 ulciscitur
1710 2748 1912 2806 orbem.
