2209 3217
557 236 655 291 ¹54
878 240 1312 290 IUVENALIS
1352 240 1516 288 SAT.
1554 241 1690 290 xvl.

551 349 1012 398 sacramentorum.
1075 340 1381 399 Convallem
1399 342 1540 398 ruris
1556 342 1684 399 aviti

553 416 829 489 improbus
846 424 938 473 aut
953 434 1203 489 campum
1221 417 1356 472 mihi
1373 417 1421 471 si
1440 416 1650 473 vicinus
1669 416 1879 484 ademit,

554 499 645 547 aut
660 509 872 548 eaerum
882 491 1069 548 effodit
1087 492 1262 547 medio
1278 492 1345 547 de
1367 491 1534 547 limite
1556 509 1768 557 saxum,

592 567 699 622 uod
718 584 837 623 mea
853 584 979 623 cum
995 566 1174 624 vetulo
1187 566 1352 622 ooluit
1368 566 1492 639 puls
1510 584 1688 623 annua
1706 565 1817 622 libo
1829 609 1843 636 ,

441 649 497 698 40
589 641 755 698 ebitor
779 650 870 698 aut
891 649 1094 698 sumtos
1112 642 1282 716 pergit
1301 658 1407 697 non
1427 641 1641 697 reddere
1660 658 1872 710 numos,

552 734 691 773 vana
709 717 1021 789 supervacui
1040 716 1221 772 dicens
1240 715 1588 790 chirographa
1608 716 1769 791 ligni:

552 791 934 861 exspectandus
947 792 1063 857 erit,
1091 792 1189 864 qui
1207 790 1324 847 lites
1344 791 1567 857 inchoet,
1589 808 1765 847 annus

553 867 712 922 totius
729 866 937 940 populi:
978 867 1072 921 sed
1091 875 1219 923 tuno
1236 882 1450 939 quoque
1471 865 1619 922 mille
1635 864 1847 922 ferenda

551 942 739 1008 taedia,
764 941 911 996 mille
928 958 1133 1010 morae;
1173 942 1323 997 toties
1342 941 1596 997 subsellia
1605 948 1819 1002 tautum

442 1024 498 1073 45
551 1023 888 1086 sternuntur3
932 1016 1040 1072 iam
1057 1015 1284 1072 facundo
1298 1023 1524 1089 ponente
1548 1015 1783 1072 lacernas

553 1091 795 1148 Caedicio
812 1099 864 1147 et
880 1091 1054 1146 Fusco
1071 1092 1178 1146 iam
1198 1091 1545 1157 micturiente,
1567 1092 1737 1163 parati

552 1166 898 1241 digredimur,
922 1165 1168 1239 lentaque
1186 1165 1283 1222 fori
1305 1182 1611 1240 pugnamus
1629 1183 1807 1222 arena.

553 1242 652 1297 Ast
668 1240 795 1307 illis,
818 1257 955 1314 quos
973 1259 1119 1297 arma
1136 1248 1323 1329 tegunt
1338 1249 1391 1297 et
1406 1240 1612 1298 balteus
1630 1241 1814 1306 ambit,
1973 1291 1980 1296 .

551 1315 698 1388 quod
720 1315 975 1388 placitum
1000 1324 1080 1371 est
1104 1317 1256 1389 ipsis,
1281 1324 1575 1389 praestatur
1593 1323 1804 1391 tempus
1829 1316 2047 1391 agendi,

441 1400 493 1444 50
547 1407 644 1445 nee
662 1406 746 1444 res
766 1391 1002 1445 atteritur
1018 1389 1177 1465 longo
1195 1390 1496 1447 sufflamine
1513 1390 1641 1446 litis.

621 1462 759 1517 Solis
778 1470 1041 1534 praeterea
1063 1464 1290 1520 testandi
1307 1465 1569 1520 militibus
1589 1466 1676 1521 ius

548 1537 672 1593 vivo
689 1543 835 1607 patre
857 1534 1039 1591 datur:
1080 1553 1225 1602 nam,
1248 1553 1386 1609 quae
1401 1547 1530 1592 sunt
1546 1546 1695 1609 parta
1713 1537 1891 1593 labore

549 1610 782 1676 militiae,
803 1608 1001 1683 placuit
1018 1626 1126 1666 non
1144 1626 1260 1666 esse
1277 1611 1335 1665 in
1352 1627 1566 1683 corpore
1588 1609 1800 1677 censue,

548 1703 707 1742 omne
724 1692 863 1741 tenet
878 1685 1033 1741 euius
1051 1685 1286 1760 regimen
1304 1692 1470 1758 pater.
1528 1685 1669 1760 Ergo
1686 1686 1975 1755 Coranum,

350 1789 353 1792 ·
442 1773 494 1818 55
516 1783 523 1790 ·
548 1762 826 1836 signorum
844 1760 1087 1816 comitem
1107 1761 1509 1834 castrorumque
1531 1778 1649 1818 aera
1668 1770 1974 1829 merentem,

550 1837 800 1912 quamvis
833 1837 942 1892 iam
968 1836 1245 1905 tremulus,
1278 1843 1449 1916 captat
1472 1844 1633 1910 pater.
1709 1838 1863 1894 Hune
1894 1838 2050 1894 labor

550 1986 808 2060 provehit,
832 1993 885 2040 et
900 1984 1085 2058 pulcro
1102 1987 1276 2043 reddit
1292 1928 1560 2043 suzegdlillas
1567 1986 1752 2042 labori.

550 2062 725 2135 Ipsius
745 2067 883 2117 certe
899 2060 1052 2116 ducis
1070 2061 1172 2117 hoe
1188 2061 1379 2118 referre
1395 2062 1622 2128 videtur,

549 2145 628 2203 ut,
652 2136 748 2210 qui
771 2135 919 2191 fortis
937 2136 1051 2202 erit,
1074 2137 1147 2192 sit
1162 2136 1501 2192 felicissimus
1519 2135 1680 2203 idem,

444 2222 496 2266 σο
550 2219 612 2269 ut
629 2210 748 2268 laeti
764 2209 996 2286 phaleris
1016 2226 1221 2278 omnes,
1244 2220 1297 2268 et
1311 2211 1592 2283 torquibus
1608 2226 1813 2269 omnae.
1899 2233 1904 2238 ·

1076 2483 1517 2518 w—
