2209 3217
443 599 496 642 to

444 971 495 1014 15

443 1342 494 1384 20

559 263 656 314 4⁴8
1084 264 1507 313 IUVENALIe

554 383 664 423 non
680 363 1154 438 eogmtequidem.
1173 365 1266 424 aed
1278 381 1375 422 nee
1391 364 1704 436 prohibente
1724 366 1963 435 tribuno,

551 440 845 511 scripturus
866 437 1009 512 leges
1027 446 1078 494 et
1096 441 1240 513 regia
1258 440 1417 496 verba
1438 438 1676 496 lanistae.

550 514 745 570 Multos
763 529 920 585 porro
937 512 1105 579 vides,
1127 530 1264 585 quos
1279 530 1436 585 saepe
1453 513 1635 570 elusus
1654 514 1721 570 ad
1742 515 1925 587 ipsum

551 588 775 643 creditor
791 588 1067 644 introitum
1085 587 1220 643 solet
1239 595 1539 659 exspectare
1562 588 1787 655 macelli,

551 670 603 718 et
619 662 820 735 quibus
838 662 897 718 in
914 661 1031 717 eolo
1047 661 1261 718 vivendi
1283 678 1443 718 eausa
1459 662 1635 733 palato
1657 671 1760 719 est.

550 737 813 811 Egregius
830 742 1010 792 coenat
1028 734 1329 808 meliusque
1346 737 1679 794 miserrimus
1699 737 1898 797 horum

551 819 602 867 e't
619 811 720 867 cito
737 827 958 866 casurus
975 810 1084 866 iam
1101 810 1402 882 perlueente
1417 811 1594 868 ruina.

552 887 754 942 Interea
769 891 962 959 gustus
978 883 1235 942 elementa
1260 902 1355 957 per
1371 886 1551 942 omnia
1569 894 1853 958 quaerunt,

551 976 849 1032 numquam
867 958 1046 1015 animo
1064 959 1244 1032 pretiis
1264 960 1620 1016 obstantibus.
1678 962 1905 1020 Interius
1927 964 1981 1020 ei

551 1035 803 1099 emendae,
824 1035 996 1108 magis
1016 1034 1105 1091 illa
1127 1036 1329 1099 iuvant,
1351 1051 1492 1106 quae
1504 1033 1681 1106 pluria
1695 1044 1974 1094 emuntur.

552 1110 693 1183 Ergo
716 1108 862 1165 haud
875 1109 1089 1165 difficile
1095 1116 1191 1174 ωε,
1210 1110 1497 1181 perituram
1507 1124 2052 1170 aecereeresummam

552 1183 792 1240 lancibus
810 1184 1081 1262 oppositis,
1107 1183 1196 1240 vei
1210 1184 1395 1240 matris
1415 1182 1647 1257 imagine
1663 1182 1845 1251 freeta,

550 1265 600 1312 et
624 1257 1025 1332 quadringentis
1050 1258 1232 1315 numia
1250 1258 1466 1315 condire
1484 1256 1736 1331 gulosum

551 1330 732 1386 fictile:
774 1332 853 1386 sic
872 1333 1093 1389 veniunt
1112 1334 1180 1390 ad
1197 1333 1532 1390 miseellanea
1551 1332 1686 1390 ludi.

551 1403 725 1459 Refert
749 1421 894 1478 ergo,
927 1408 1053 1477 quis
1083 1407 1213 1462 haee
1230 1408 1414 1465 eedem
1432 1414 1604 1479 paret:
1646 1407 1706 1463 in
1721 1405 1903 1465 Rutilo
1921 1426 2051 1468 nam

463 1540 477 1554 Ι
552 1478 765 1533 luxuria
783 1489 880 1544 est,
905 1479 963 1534 in
983 1481 1227 1536 Ventidio
1243 1481 1509 1538 laudabile
1528 1498 1722 1540 nomen

552 1552 737 1617 sumit,
757 1558 811 1607 et
826 1570 858 1607 a
871 1569 1035 1608 eensu
1056 1552 1254 1612 famam
1272 1555 1453 1610 trabit.
1512 1556 1673 1612 Illum
1804 1557 1927 1616 iure

551 1627 856 1699 despiciam,
878 1627 976 1699 qui
994 1628 1111 1694 seit,
1135 1635 1338 1700 quanto
1354 1628 1636 1686 sublimior
1654 1630 1700 1685 A

442 1711 495 1754 25
548 1702 800 1758 omnibus
821 1701 877 1756 in
898 1702 1066 1777 Libya
1087 1703 1159 1758 sit
1181 1704 1479 1772 montibus;
1519 1704 1609 1759 hic
1626 1711 1802 1760 tamen
1827 1704 1975 1760 idem

445 2081 498 2125 30

446 2453 497 2495 35

550 1777 772 1850 ignoret,
804 1785 1062 1849 quantum
1088 1776 1275 1833 ferrata
1294 1779 1451 1836 distet
1467 1778 1534 1834 ab
1554 1795 1672 1834 area

552 1851 812 1906 saeculus,
870 1853 913 1907 E
933 1852 1075 1908 eoelo
1093 1853 1363 1909 deseendit
1376 1856 1565 1914 Γνῶθι
1588 1852 1832 1917 σεαυτὸν,

552 1925 827 1998 figendum
853 1934 905 1981 et
922 1925 1145 1983 memori
1168 1928 1497 1983 tractandum
1514 1934 1732 1998 pectore,
1754 1926 1872 1981 sive

551 2000 861 2071 ooniugium
879 2017 1121 2072 quaeras,
1142 2001 1225 2057 vel
1248 2001 1381 2058 sacri
1402 2003 1455 2056 in
1476 2007 1621 2072 parte
1639 1999 1865 2054 Senatus

551 2090 668 2128 esee
684 2072 843 2127 velis:
886 2090 982 2128 neo
998 2074 1145 2129 enim
1163 2073 1380 2129 loricam
1398 2074 1564 2145 poscit
1580 2070 1805 2128 Achillis

554 2146 835 2211 Thersites»,
860 2145 917 2201 in
936 2164 1045 2218 qua
1068 2165 1127 2202 se
1145 2147 1445 2202 traducebat
1468 2146 1667 2201 Ulixes.

552 2220 845 2293 Ancipitem
865 2237 963 2275 seu-
978 2228 1034 2275 tu
1055 2236 1251 2294 magno
1268 2220 1572 2274 discrimine
1593 2234 1810 2274 eausam

552 2303 820 2369 protegere
840 2293 1059 2360 affectae,
1084 2301 1136 2349 te
1152 2293 1393 2361 oonsu1e3
1434 2294 1521 2349 die
1542 2293 1659 2358 tibi,
1688 2293 1786 2365 qui
1804 2295 1902 2361 sie,

552 2377 723 2425 orator
739 2369 1040 2435 vehemens,
1070 2386 1140 2425 an
1158 2368 1373 2426 Curtius
1387 2375 1441 2424 et
1456 2369 1634 2426 Matho
1648 2368 1860 2426 bueeae.

554 2444 826 2500 Nomenda
843 2451 923 2500 eet
941 2461 1190 2500 mensure
1215 2443 1304 2501 sui
1320 2444 1708 2517 spectandaque
1724 2442 1885 2500 rebus

555 2519 610 2572 in
631 2519 861 2574 summis
888 2519 1252 2593 minimisque,
1274 2520 1432 2578 etiam
1449 2536 1622 2593 quum
1638 2518 1799 2591 pineis
1816 2527 2050 2588 emetur,

555 2608 621 2645 ne
639 2592 871 2649 mullum
889 2595 1089 2666 cupias,
1113 2610 1286 2667 quum
1304 2595 1376 2651 eit
1391 2595 1487 2652 tibi
1506 2594 1665 2669 gobio
1678 2601 1887 2650 tantum

553 2663 612 2717 in
631 2664 838 2719 locutis.
896 2668 1031 2734 Quis
1045 2671 1189 2726 enim
1207 2677 1275 2736 te,
1298 2669 1568 2726 deficiente
1585 2684 1835 2725 crumena

553 2743 604 2791 et
621 2747 881 2794 ereeoente
901 2743 1047 2813 gula,
1070 2752 1252 2801 manet
1265 2744 1457 2810 exime,
1479 2761 1596 2801 aere
1611 2749 1827 2815 paterno
