2209 3217
602 309 611 314 “
691 300 987 347 SATIRA
1020 300 1159 347 xm.
1569 298 1666 351 135

167 403 430 474 Perpetua
450 400 704 465 anxietaS,
728 416 825 454 nec
842 416 1056 454 mensae
1070 406 1306 470 tempore
1320 411 1503 469 cessat,

168 475 416 531 faucibus
436 482 496 529 ut
515 475 700 531 morbo
717 474 868 530 siccis
888 474 1131 545 interque
1148 473 1373 529 molares

168 550 376 606 difficili
397 557 659 605 crescente
675 549 818 606 cibo:
857 549 954 605 sed
971 549 1097 604 vine
1116 547 1359 604 misellus

169 625 386 697 exspuit
403 644 416 691 3
460 623 655 680 Albani
677 624 863 679 veteris
880 625 1107 696 pretiosa
1121 631 1362 679 senectus

169 700 429 772 displicet.
497 698 754 755 Ostendes
773 699 984 765 melium,
1013 699 1331 755 densissima
1354 715 1487 773 ruga
1700 713 1778 756 215

170 776 381 848 cogitur
399 774 457 829 in
476 772 719 840 frontem,
742 774 893 830 velut
909 774 1016 830 acri
1032 773 1190 829 ducta
1209 774 1447 830 Falerno.

170 850 333 904 Nocte
349 848 566 905 brevem
583 849 632 904 si
651 848 781 904 forte
797 848 1022 904 indulsit
1036 865 1166 904 cura
1181 866 1443 921 soporem,

172 933 221 980 et
238 930 350 980 toto
368 930 573 979 versata
591 932 703 979 toro
723 924 832 978 iam
857 924 1096 980 membra
1116 925 1425 996 quiescunt3

169 998 425 1054 continuo
442 998 700 1070 templum
721 1006 772 1053 et
790 997 969 1053 violati
988 999 1229 1053 numinis
1247 1015 1365 1053 aras

169 1082 237 1138 et,
260 1072 411 1145 quod
430 1074 724 1145 praecipuis
748 1080 975 1128 mentem
1001 1073 1288 1128 sudoribus
1308 1079 1479 1147 urget,
1700 1083 1778 1126 220

171 1157 221 1203 te
245 1147 393 1202 videt
413 1147 470 1201 in
489 1148 721 1217 somnis;
762 1154 854 1201 tua
872 1164 1019 1202 sacra
1036 1155 1088 1202 et
1105 1147 1274 1202 maior
1291 1148 1469 1223 imago

168 1223 409 1277 humana
429 1222 607 1277 turbat
622 1222 896 1294 pavidum,
917 1222 1163 1295 cogitque
1182 1220 1346 1276 fateri.

168 1297 235 1352 Hi
254 1303 404 1361 sunt,
432 1297 529 1368 qui
548 1296 813 1367 trepidant
831 1298 968 1351 etad
991 1297 1170 1351 omnia
1192 1294 1401 1369 fulgura
1420 1295 1636 1368 pellent,

167 1388 342 1444 quum
354 1378 517 1436 tonat,
533 1372 804 1426 exanimes
817 1387 1032 1443 quoque
1038 1371 1213 1441 primo
1224 1387 1496 1428 murmure
1507 1371 1635 1429 coeli
1650 1390 1664 1441 ·‚

167 1463 277 1502 non
298 1447 456 1517 quasi
475 1445 738 1511 fortuituS,
763 1461 860 1500 nec
879 1453 1158 1500 ventorum
1174 1445 1336 1514 rabie,
1353 1447 1446 1503 sed
1698 1456 1777 1500 225

166 1522 336 1578 iratus
355 1520 507 1576 cedat
523 1522 580 1577 in
601 1528 761 1577 terras
778 1528 832 1577 et
848 1521 1077 1577 vindicet
1095 1521 1256 1595 ignis.

165 1595 264 1652 Illa
283 1595 422 1650 nihil
442 1597 639 1663 nocuit,
660 1614 786 1653 cura
804 1598 1045 1670 graviore
1060 1595 1280 1652 timetur

163 1671 415 1744 proxima
445 1677 742 1739 tempestas,
768 1671 916 1726 velut
934 1671 1034 1725 hoc
1050 1671 1210 1724 dilate
1236 1687 1440 1725 sereno.

164 1748 460 1804 Praeterea,
483 1742 658 1795 lateris
674 1742 827 1813 vigili
844 1759 968 1796 cum
988 1742 1133 1795 febre
1151 1740 1386 1795 dolorem

163 1821 213 1876 si
241 1831 463 1887 coepere
484 1815 612 1885 pati,
635 1816 865 1869 missum
883 1814 953 1867 ad
968 1830 1066 1868 sua
1084 1830 1302 1883 corpora
1322 1814 1571 1871 morbum
1700 1826 1779 1870 23⁰

166 1893 366 1950 infesto
384 1889 606 1945 credunt
624 1907 654 1944 a
673 1888 923 1944 numine:
964 1904 1092 1942 saxa
1112 1886 1332 1941 deorum

164 1970 301 2025 haec
318 1973 370 2021 et
388 1964 489 2020 tela
506 1971 713 2036 putant.
772 1960 1030 2018 Pecudem
1056 1960 1315 2033 spondere
1333 1961 1523 2018 sacello

168 2042 459 2106 balantem,
483 2047 534 2094 et
546 2039 773 2096 Laribus
790 2038 1006 2093 cristam
1028 2036 1328 2110 promittere
1345 2036 1475 2111 galli

168 2134 281 2173 non
301 2116 522 2171 nudent:
562 2114 698 2186 quId
715 2113 860 2169 enim
879 2130 1089 2185 sperare
1108 2112 1417 2168 nocentibus
1440 2113 1613 2187 aegris

166 2189 519 2248 conoessum?
552 2189 637 2245 vel
657 2207 797 2264 quae
811 2205 917 2244 non
939 2188 1151 2263 dignior
1166 2188 1340 2244 hostia
1361 2188 1466 2245 vita
1477 2187 1505 2242 ‘2
1700 2198 1779 2243 2³5

170 2264 389 2322 Mobilis
408 2272 460 2321 et
476 2266 621 2321 varia
642 2274 724 2321 est
740 2264 905 2321 ferme
923 2273 1111 2321 natura
1127 2263 1413 2320 malorum.

167 2340 354 2409 Quum
371 2340 545 2396 scelus
560 2339 862 2406 admittunt,
891 2346 1133 2412 superest
1152 2338 1461 2394 constantia.
1529 2337 1672 2404 Quid

975 2414 1057 2470 fas

170 2498 333 2562 atque
360 2487 523 2554 nefas,
544 2487 757 2544 tandem
777 2487 1038 2559 incipiunt
1054 2488 1248 2544 sentire
1266 2493 1488 2559 peractis

170 2563 504 2620 criminibus.
568 2564 767 2618 Tamen
785 2562 853 2617 ad
871 2579 1044 2618 mores
1062 2571 1247 2619 natura
1267 2564 1486 2620 recurrit

171 2639 469 2703 damnatos,
495 2637 603 2692 fixa
620 2645 672 2692 et
688 2637 884 2692 mutari
905 2638 1097 2692 nescia.
1154 2639 1291 2693 Nam
1310 2638 1436 2710 quis
1696 2643 1778 2689 24⁰

173 2712 423 2787 peccandi
443 2713 605 2768 finem
623 2711 802 2784 posuit
820 2710 962 2766 sibi?
997 2712 1214 2782 quando
1231 2713 1421 2784 recepit

172 2789 397 2845 eiectum
416 2786 577 2844 semel
597 2788 768 2844 attrita
792 2787 859 2843 de
877 2785 1045 2842 fronte
1070 2785 1352 2843 ruborem?
