2209 3217
545 243 612 296 62
1062 244 1483 293 IUVENALIS

550 345 717 400 fumat
734 361 883 416 aper:
926 350 1043 415 post
1060 345 1205 399 hune
1222 344 1481 399 roduntur
1497 341 1700 412 tulmra,
1721 341 1767 395 si
1786 358 1881 397 ver

545 427 672 473 tunc
689 419 785 472 erit
800 426 852 472 et
873 417 1062 482 facient
1078 426 1247 489 optata
1267 419 1494 473 tonitrua
1512 433 1699 471 coenas

548 492 789 547 maiores.
848 493 966 546 Tibi
985 493 1120 548 habe
1135 491 1478 556 frumentum,
1498 490 1736 546 Alledius
1754 491 1952 563 inquit,

547 585 579 622 o
598 567 791 640 Libye;
814 567 1060 639 disiunge
1082 567 1264 633 boves,
1287 566 1417 621 dum
1441 566 1625 621 tubera
1641 566 1848 619 mittas!

442 652 519 695 120
621 641 935 696 Structorem
954 642 1150 695 interea
1175 640 1260 713 (ne
1278 657 1385 712 qua
1404 639 1694 713 indignatio
1711 640 1864 713 desit)

549 715 822 771 saltantem
842 722 1039 786 spectes
1060 722 1115 769 et
1127 719 1540 789 χειρονομοῦντα
1563 714 1759 770 volanti

552 790 775 856 cultello,
797 791 962 845 donec
978 796 1195 862 peragat
1212 789 1402 843 dictata
1418 788 1658 861 magistri

550 866 745 921 omnia.
793 866 901 919 Neo
918 864 1141 919 minimo
1158 881 1287 919 sane
1303 863 1610 920 discrimine
1624 862 1793 928 rofei-t,

553 958 660 1012 quo
675 947 828 1013 gestu
847 938 1048 1010 lepores
1067 945 1119 993 et
1135 954 1245 1011 quo
1260 938 1457 1012 gallina
1476 946 1697 993 secetur.

447 1027 521 1069 125
623 1014 835 1070 Duoeris'
855 1014 1050 1085 planta,
1072 1013 1221 1068 velut
1237 1014 1371 1067 ictus
1388 1012 1456 1068 ab
1474 1012 1694 1068 Hercule
1711 1012 1901 1075 Cacus,

551 1098 601 1144 et
620 1106 811 1161 ponere
829 1088 985 1153 forae,
1008 1088 1208 1160 siquid
1226 1087 1503 1143 tentaveris
1521 1104 1783 1160 umquam

554 1164 770 1229 hiscere,
792 1172 1065 1238 tamquam
1078 1162 1275 1218 habeas
1289 1163 1389 1217 tria
1409 1162 1621 1217 nomina
1630 1204 1643 1217 .
1675 1161 1903 1228 Quando
1914 1179 2032 1233 pro-

1449 1243 1503 1291 ει
1674 1238 1683 1248 .

555 1312 706 1367 Virro
722 1313 839 1377 tihi,
863 1313 1134 1385 sumitque
1150 1313 1258 1368 tuis
1277 1254 1508 1367 oossta
1527 1309 1733 1367 labellis

553 1387 774 1459 pocula?
809 1388 934 1459 quis
958 1394 1192 1442 vestrum
1217 1388 1523 1442 temerarius
1552 1403 1726 1459 usque
1742 1386 1890 1453 adeo,
1914 1389 2039 1459 quis

448 1473 526 1515 1:30
554 1461 808 1534 perditus,
832 1469 892 1515 ut
909 1460 1047 1516 dieat
1065 1462 1197 1534 regi,
1218 1460 1382 1515 Bibe?
1418 1460 1653 1516 Plurima
1670 1469 1814 1527 sunt,
1846 1479 1986 1535 quae

555 1553 661 1592 non
682 1534 875 1592 audent
894 1534 1135 1590 homines
1160 1542 1370 1607 pertusa
1388 1535 1558 1591 dioere
1575 1535 1738 1591 laena.

554 1609 945 1683 Quadringenta
963 1610 1060 1664 tibi
1079 1611 1127 1664 si
1147 1610 1271 1682 quis
1290 1610 1423 1666 deus
1441 1618 1532 1667 aut
1547 1610 1743 1666 similis
1762 1610 1852 1666 dis

555 1693 606 1741 et
623 1685 808 1741 melior
824 1684 945 1740 fatis
963 1684 1180 1740 donaret
1197 1685 1499 1751 homuncio,
1527 1692 1760 1759 quantus

556 1779 623 1816 ex
642 1759 826 1821 nihilo,
850 1767 1082 1834 quantus
1100 1760 1253 1815 fieres
1272 1760 1511 1816 Virronis
1529 1760 1757 1815 amicus!
1836 1777 1871 1794 “-

450 1846 527 1890 135
555 1837 639 1891 Da
672 1837 878 1891 Trebio!
914 1836 1051 1891 Pom
1079 1840 1153 1891 ad
1174 1837 1439 1891 Trebium!
1491 1837 1593 1900 Vis,
1629 1841 1812 1904 frater,
1834 1839 2044 1906 abipsn‘s

557 1909 749 1965 ilibus?
786 1910 832 1966 Ο
850 1911 1078 1976 nummi,
1104 1911 1255 1966 vobis
1280 1911 1426 1965 hunc
1440 1917 1666 1982 praestat
1683 1909 1958 1977 honorem,

556 2001 652 2038 vos
670 1986 795 2039 estis
814 1983 1015 2041 fratres.
1071 1985 1331 2041 Doeninus
1352 1992 1524 2040 tamen
1544 1993 1595 2040 et
1613 1984 1813 2042 domini
1837 2003 1932 2041 rex

557 2059 602 2113 si
623 2058 706 2112 vis
722 2065 779 2113 tu
798 2059 929 2123 fieri,
953 2058 1138 2115 nullus
1158 2060 1254 2114 tihi
1273 2060 1530 2130 parvulus
1547 2058 1665 2115 aula

557 2133 741 2188 luserit
757 2126 976 2198 Aedeas,
1000 2150 1098 2188 neo
1115 2133 1223 2188 filia
1243 2132 1445 2189 dulcior
1464 2134 1569 2189 illo.

450 2214 529 2261 140
556 2206 854 2264 Iucundum
873 2215 924 2263 et
939 2224 1121 2263 carum
1147 2207 1339 2262 sterilis
1352 2208 1474 2264 facit
1493 2224 1629 2264 uxor
1645 2209 1896 2264 amicum.

558 2283 661 2338 Sed
678 2291 767 2338 tua
789 2299 933 2339 nunc
950 2281 1155 2356 Mycale
1171 2283 1338 2354 pariat
1356 2282 1491 2349 lieet,
1511 2291 1565 2338 et
1580 2299 1772 2357 pueros
1788 2291 1910 2339 tres

556 2359 612 2413 in
630 2358 895 2432 gremium
913 2358 1077 2428 patris
1094 2355 1282 2412 fundat
1296 2358 1488 2413 simul:
1531 2358 1644 2430 ipse
1662 2356 1868 2429 loquaci

556 2432 805 2506 gaudebit
822 2432 974 2499 nid03
1016 2431 1242 2488 viridem
1260 2432 1469 2488 thoraca
1491 2432 1696 2488 iubebit

558 2506 746 2572 afferri,
769 2506 1128 2580 minimasque
1144 2524 1322 2572 nuoes,
1343 2524 1621 2580 assemque
1642 2514 1908 2580 rogatum,

451 2589 529 2635 145
558 2581 627 2636 ad
645 2599 882 2638 mensam
902 2584 1107 2655 quoties
1123 2582 1385 2655 parasitus
1402 2582 1605 2639 venerit
1621 2580 1814 2637 infans.

632 2655 839 2711 Vilibus
856 2658 1105 2730 ancipites
1128 2658 1281 2731 fungi
1298 2664 1559 2728 ponentur
1580 2656 1782 2720 amieis,

560 2727 762 2784 boletus
780 2729 1021 2800 d'omin03
1064 2731 1160 2788 sed
1174 2731 1386 2803 qualem
1406 2730 1661 2787 Claudius
1678 2729 1789 2785 edit
