2209 3217
556 266 623 317 86
1090 269 1509 315 IUVENALIS

556 376 607 424 et
626 383 763 441 quae
779 368 1036 424 conducto
1054 368 1286 440 pendent
1303 368 1589 424 anabathra
1606 366 1795 440 tigillo,

556 459 800 514 quaeque
836 443 1162 514 reportandis
1189 444 1355 514 posita
1381 450 1460 498 est
1485 442 1748 498 orchestra
1765 441 2064 499 cathedris.

557 518 666 572 Nos
696 525 872 572 tamen
898 518 996 573 hoc
1020 517 1255 589 agimus,
1281 518 1536 590 tenuique
1556 518 1612 572 in
1640 516 1859 587 pulvere
1878 518 2068 575 sulcos

556 590 824 656 ducimus,
848 599 899 647 et
917 590 1044 646 litus
1061 591 1227 645 sterili
1250 607 1523 647 versamus
1542 599 1731 650 aratro.

556 667 690 721 Nam
712 666 761 721 si
779 665 1032 730 discedas,
1057 664 1248 737 laqueo
1267 672 1405 720 tenet
1422 666 1689 721 ambitiosi

559 740 882 797 consuetudo
899 738 1047 804 mali,
1070 746 1212 796 tenet
1229 739 1524 795 insanabile
1542 739 1739 796 multos

557 815 823 872 scribendi
846 814 1132 880 cacoethes,
1153 821 1205 870 et
1225 831 1381 888 aegro
1397 815 1456 870 in
1471 814 1628 871 corde
1640 814 1885 872 senescit.

559 889 664 946 Sed
681 897 853 946 vatem
872 889 1168 963 egregium,
1189 889 1278 944 cui
1299 906 1405 945 non
1421 889 1491 946 sit
1506 888 1721 960 publica
1737 906 1893 956 vena,

559 965 656 1036 qui
681 962 816 1019 nihil
832 965 1134 1035 expositum
1153 962 1316 1020 soleat
1334 963 1607 1029 deducere,
1631 981 1728 1020 nec
1750 964 1850 1036 qui

557 1038 829 1096 communi
849 1037 1000 1096 feriat
1017 1055 1228 1094 carmen
1253 1038 1460 1094 triviale
1483 1045 1709 1104 moneta,
1797 1081 1802 1086 .

558 1114 724 1180 hunc,
747 1113 962 1186 qualem
979 1130 1189 1186 nequeo
1205 1120 1499 1168 monstrare
1512 1120 1566 1168 et
1582 1113 1752 1168 sentio
1770 1120 2000 1178 tantum,

560 1189 819 1245 anxietate
835 1206 1017 1246 carens
1036 1189 1251 1246 animus
1269 1187 1407 1252 facit,
1436 1186 1612 1244 omnis
1631 1187 1806 1243 acerbi

466 1287 472 1292 ·
560 1263 856 1334 impatiens„
880 1263 1108 1335 cupidus
1129 1263 1386 1319 silvarum
1408 1268 1669 1334 aptusque
1683 1261 1934 1318 bibendis

451 1420 504 1463 60

453 1793 506 1836 65

455 2167 508 2209 70

457 2541 509 2582 75

561 1336 795 1392 fontibus
822 1337 1113 1394 Aonidum.
1190 1339 1375 1412 Neque
1392 1338 1537 1393 enim
1558 1344 1766 1394 cantare
1783 1337 1889 1393 sub
1906 1345 2064 1395 antro

557 1411 726 1466 Pierio
745 1411 1057 1484 thyrsumve
1074 1418 1245 1482 putea
1259 1412 1561 1484 contingere
1577 1429 1705 1467 sana

561 1493 842 1556 paupertas
866 1493 1024 1557 atque
1042 1486 1178 1542 aeris
1197 1486 1370 1557 inops,
1395 1501 1506 1556 quo
1523 1493 1672 1542 nocte
1687 1485 1879 1557 dieque

558 1576 751 1631 corpus
783 1566 920 1632 eget.
966 1557 1124 1616 Satur
1145 1565 1242 1623 est,
1272 1575 1445 1630 quum
1463 1559 1592 1616 dicit
1615 1561 1862 1616 Horatius
1877 1559 2060 1617 Euoel

562 1632 694 1701 Quis
721 1632 865 1690 locus
885 1633 1118 1706 ingenio,
1144 1632 1249 1689 nisi
1271 1650 1443 1705 quum
1461 1652 1521 1691 se
1537 1636 1770 1691 carmine
1786 1633 1900 1690 solo

560 1715 756 1764 vexant
776 1716 827 1763 et
844 1708 1076 1764 dominis
1095 1707 1314 1766 Cirrhae
1331 1710 1614 1784 Nysaeque
1629 1709 1871 1768 feruntur

560 1791 766 1857 pectora
783 1791 980 1849 nostra,
1001 1783 1137 1839 duas
1157 1801 1264 1842 nou
1283 1784 1611 1842 admittentia
1625 1783 1818 1842 curas?

561 1859 785 1933 Magnae
808 1859 999 1915 mentis
1017 1876 1173 1931 opus,
1197 1877 1294 1916 nec
1309 1859 1376 1915 de
1395 1859 1561 1916 lodice
1575 1859 1805 1932 paranda

563 1934 839 1999 adtonitas,
863 1951 1051 1989 currus
1069 1942 1122 1989 et
1137 1952 1306 2007 equos
1323 1934 1587 2007 faciesque
1603 1935 1823 1990 deorum

564 2008 848 2079 adspicere.
872 2016 924 2063 et
942 2008 1117 2081 qualis
1133 2009 1395 2066 Rutulum
1409 2007 1697 2065 confundat
1713 2009 1973 2084 Erinnys.

563 2084 699 2137 Nam
724 2083 772 2136 si
792 2083 1013 2156 Virgilio
1029 2100 1163 2156 puer
1185 2092 1236 2140 et
1254 2082 1522 2139 tolerabile
1537 2083 1674 2137 desit

563 2156 872 2229 hospitium,
894 2158 1137 2214 caderent
1153 2175 1338 2216 omnes
1356 2175 1385 2211 a
1406 2156 1644 2212 crinibus
1662 2154 1850 2227 hydri:

564 2232 724 2286 surda
746 2231 878 2287 nihil
897 2240 1128 2306 gemeret
1142 2248 1304 2304 grave
1321 2230 1560 2286 buccina.
1600 2229 1900 2298 Poscimus,
1920 2241 1984 2290 ut
1995 2234 2066 2291 sit

566 2323 673 2362 non
698 2307 873 2362 minor
887 2307 1104 2378 antiquo
1123 2304 1404 2359 Rubrenus
1423 2305 1601 2375 Lappa
1627 2302 1906 2372 cothurno,

564 2381 717 2435 cuius
737 2389 788 2437 et
806 2380 1033 2448 alveolos
1053 2387 1104 2435 et
1123 2379 1328 2434 laenam
1346 2378 1589 2452 pignerat
1607 2378 1815 2435 Atreus.

567 2457 684 2511 Non
705 2456 862 2511 habet
886 2453 1071 2509 infelix
1090 2454 1353 2518 Numitor,
1381 2455 1526 2527 quod
1546 2455 1720 2511 mittat
1736 2455 1936 2511 amico:

565 2529 853 2596 Quintillae
878 2528 1023 2602 quod
1040 2528 1215 2594 donet,
1241 2528 1424 2598 babet,
1467 2548 1563 2587 nec
1584 2529 1754 2586 defuit
1769 2528 1868 2593 illi,

567 2603 710 2658 unde
733 2611 927 2659 emeret
944 2602 1113 2659 multa
1131 2605 1457 2677 pascendum
1474 2623 1631 2662 carne
1649 2605 1853 2661 leonem

567 2677 676 2731 iam
695 2675 977 2733 domitum.
1035 2679 1253 2736 Constat
1270 2679 1453 2737 leviori
1471 2680 1648 2738 bellua
1665 2685 1849 2735 sumtu

569 2750 845 2814 nimirum,
867 2758 918 2830 et
933 2753 1151 2823 capiunt
1167 2752 1291 2823 plus
1310 2756 1556 2813 intestina
1569 2762 1767 2828 poetae.
