2209 3217
582 286 649 340 ’70
1115 288 1536 336 IUVENALIS

583 391 743 446 uteris
763 389 821 444 in
846 388 1014 445 turba.
1069 388 1212 456 Quid
1231 390 1375 446 enim
1397 406 1502 444 non
1521 387 1708 443 excitet
1728 387 1930 460 inguen

585 482 689 520 vox
728 462 924 520 blanda
966 472 1018 519 et
1053 480 1286 535 nequam
1298 463 1327 517 ἵ)
1361 463 1555 537 digitos
1592 462 1763 516 habet.
1813 462 1883 517 Ut
1901 470 2088 519 tamen

1387 555 1572 593 omnes

586 612 866 669 subsidant
881 628 1102 683 pennae,
1132 609 1275 686 dicas
1295 612 1424 665 haec
1442 611 1660 666 mollius
1678 610 1874 665 Haemo

585 703 915 759 quamquam
923 694 975 740 et
981 684 1335 756 Carpophoro,
1348 685 1505 741 facies
1517 694 1604 741 tua
1614 692 1883 756 computat
1892 703 2082 743 annea.

476 771 556 816 200
660 762 717 818 Si
732 761 831 818 tibi
850 760 1100 833 legitimis
1125 767 1330 830 pactam
1349 760 1692 832 iunctamque
1709 758 1919 814 tabellis

588 853 692 891 non
712 853 770 892 es
787 842 1080 899 amaturus,
1104 833 1332 890 ducendi
1352 833 1499 889 nulla
1519 834 1729 889 videtur
1869 861 1876 866 >

584 928 766 978 causa3
810 925 906 963 nec
923 915 1020 974 ast,
1040 926 1208 980 quare
1230 926 1446 964 coenam
1472 916 1523 963 et
1539 916 1804 963 mustacea
1820 909 2032 981 perdas,

588 984 790 1040 labente
806 982 996 1048 officio,
1017 983 1199 1038 crudis
1217 983 1485 1051 donanda3
1528 1000 1625 1038 nec
1642 982 1794 1051 illud,

585 1059 731 1131 quod
749 1060 919 1131 prima
939 1075 1035 1131 pro
1055 1065 1203 1112 nocte
1219 1058 1392 1123 datur,
1415 1074 1587 1130 quum
1613 1057 1762 1112 lance
1778 1057 1929 1114 beata

478 1143 558 1185 205
580 1134 798 1188 Dacicus
817 1141 868 1189 et
885 1134 1078 1204 scripto
1096 1131 1264 1187 radiat
1283 1131 1628 1187 Germanicus
1648 1149 1797 1187 auro.

587 1205 641 1260 Si
662 1207 758 1261 tibi
779 1207 1091 1279 simplicitas
1112 1207 1318 1272 uxoria,
1340 1206 1550 1261 deditus
1570 1205 1667 1260 uni

586 1288 666 1334 est
683 1281 923 1349 animus3
964 1280 1219 1337 submitte
1234 1289 1390 1352 caput
1408 1280 1606 1336 cervice
1630 1286 1808 1352 parata

587 1352 719 1408 ferre
738 1355 955 1426 iugum:
998 1355 1204 1411 nullam
1220 1356 1275 1410 in
1284 1355 1477 1421 venies,
1502 1372 1639 1427 quae
1656 1362 1834 1426 parcat
1856 1359 2080 1440 δεηθῇ.

584 1427 776 1482 Ardeat
793 1428 907 1498 ipsa
928 1427 1061 1492 licet,
1084 1429 1358 1484 tormentis
1376 1430 1568 1501 gaudet
1592 1429 1818 1484 amantis

478 1511 556 1554 210
584 1509 636 1555 et
654 1499 860 1572 spoliis.
924 1502 1092 1574 Igitur
1112 1501 1268 1574 longe
1284 1503 1467 1557 minus
1485 1502 1633 1556 utilis
1652 1503 1730 1557 illi

588 1592 739 1639 uxor,
763 1574 1012 1646 quisquis
1030 1574 1129 1630 erit
1147 1575 1321 1630 bonus
1338 1576 1707 1648 optandusque
1726 1578 1967 1634 maritus.

586 1649 674 1704 Nil
694 1666 952 1720 umquam
971 1648 1138 1704 invita
1156 1649 1378 1705 donabis
1400 1650 1651 1724 coniuge:
1693 1651 1892 1707 vendes

588 1725 685 1780 hac
698 1724 942 1780 obstante
958 1723 1123 1780 nihil:
1165 1723 1320 1790 nihil,
1342 1724 1471 1780 haec
1494 1725 1542 1780 si
1561 1725 1711 1792 nolit,
1736 1734 1956 1783 emetur.

587 1800 722 1856 llaec
740 1799 889 1856 dabit
905 1798 1147 1855 affectus:
1189 1798 1279 1855 ille
1297 1800 1605 1857 excludetur
1622 1802 1827 1856 amicus

478 1885 557 1928 2¹5
585 1875 693 1929 iam
713 1875 905 1940 senior,
927 1873 1082 1931 cuius
1099 1874 1320 1931 barbam
1341 1882 1431 1931 tua
1450 1876 1608 1932 ianua
1627 1876 1779 1930 vidit.
1907 1877 1921 1890 ‘

587 1949 832 2005 Testandi
849 1949 1112 2021 quumsit
1130 1949 1410 2006 lenonibus
1430 1959 1587 2023 atque
1603 1949 1810 2005 lanistis

588 2023 817 2090 libertas,
843 2030 894 2078 et
911 2024 1043 2080 iuris
1063 2023 1204 2079 idem
1224 2025 1491 2098 contingat
1512 2039 1725 2089 arenae3

587 2093 692 2152 noni
712 2114 854 2153 unus
873 2097 971 2153 tibi
996 2098 1179 2154 rivalis
1197 2099 1283 2156 dic
1375 2100 1387 2112 ’
1493 2097 1662 2152 heres
1680 2125 1757 2136 —

587 2173 721 2227 Pone
740 2189 945 2227 crucem
960 2190 1125 2229 servo.
1181 2174 1364 2229 »Mem
1424 2187 1533 2243 quo
1549 2168 1772 2223 crimine
1790 2184 1986 2229 servus

479 2257 557 2300 220
586 2245 950 2319 supplicium?
982 2248 1111 2318 quis
1130 2247 1275 2302 testis
1292 2243 1475 2299 adest?
1509 2243 1635 2315 quis
1651 2242 1876 2299 detulit?
1913 2248 2078 2314 Audi,

586 2321 735 2377 nulla
753 2338 1013 2393 umquam
1021 2321 1088 2375 de
1095 2326 1262 2376 morte
1271 2318 1502 2374 hominis
1510 2318 1940 2394 cunctatiolonga
1949 2330 2044 2379 est.
2056 2343 2084 2377 α

588 2396 633 2452 0
650 2400 872 2460 domem,
892 2400 972 2450 ita
988 2411 1170 2449 servus
1185 2397 1333 2448 homo
1350 2392 1465 2449 ost?
1502 2393 1598 2450 Nil
1610 2398 1810 2464 fecerit,
1832 2404 1970 2452 esto.-

585 2473 677 2524 Ιιοο
694 2472 828 2535 volo,
847 2473 926 2525 cic
942 2471 1118 2537 iubeo;
1154 2473 1226 2525 eit
1236 2486 1338 2537 pro
1358 2473 1561 2525 ratione
1575 2471 1832 2525 voluntas.

664 2544 890 2613 Imperat
1000 2559 1032 2598 0
1050 2543 1193 2612 vii-03
1236 2543 1331 2598 sed
1350 2561 1477 2600 mox
1493 2543 1791 2617 haecregna
1803 2542 2078 2618 relinquit,

476 2626 554 2669 225
583 2625 950 2689 permutatque
1004 2635 1172 2684 omos,
1195 2625 1247 2674 et
1269 2617 1513 2675 flammea
1529 2619 1777 2675 conterit:
1820 2616 1945 2674 inde

586 2687 810 2753 advolat,
832 2698 883 2744 et
901 2710 928 2745 s
966 2694 1061 2749 reti
1079 2711 1138 2749 re
1202 2694 1266 2748 tit
1288 2695 1509 2769 vestigia
1527 2692 1666 2750 lecti.

584 2761 806 2817 Ornatas
825 2779 932 2833 pau
950 2782 983 2820 o
1000 2774 1122 2823 ante
1135 2710 1292 2832 gres,
1315 2768 1596 2840 pendentia
1616 2767 1818 2838 linquet
