2209 3217
704 265 991 311 SATIRA
1024 266 1117 311 VI.
1587 257 1645 310 84

120 423 129 440 ⁸
235 361 516 419 Chaldaeis
535 360 631 416 sed
649 362 817 417 maior
834 364 932 416 erit
951 362 1171 417 fiducia:
1211 362 1478 434 quidquid

160 436 357 493 dixerit
375 434 692 509 astrologuS‚
722 436 933 490 credent
951 454 979 490 a
1000 434 1141 491 fonte
1160 434 1380 490 relatum

159 510 500 579 Hammonis3
543 509 797 581 quoniam
817 509 1034 582 Delphis
1053 509 1261 564 oracula
1280 517 1484 564 cessant
1688 520 1765 563 555

157 594 208 641 et
225 603 400 659 genus
419 584 718 639 humanum
743 583 960 640 damnat
979 584 1149 659 caligo
1167 583 1354 639 futuri.

157 660 483 731 Praecipuus
501 666 678 714 tamen
703 666 782 716 est
799 660 1011 725 horum,
1041 660 1138 731 qui
1157 659 1371 729 saepius
1389 656 1562 723 exsul,

159 735 316 790 cuius
341 733 570 788 amicitia
584 733 1026 805 conducendaque
1043 733 1234 789 tabella

160 825 393 881 magnus
410 806 543 860 civis
562 807 674 861 obii.
693 816 744 862 et
762 807 1071 863 formidatus
1090 808 1302 864 Othoni.

158 882 290 938 Inde
307 880 440 935 fides
458 881 574 946 arti,
599 883 778 941 sonuit
795 883 843 936 si
861 882 1071 938 dextera
1089 882 1226 938 ferro
1688 891 1765 936 560

160 957 436 1027 laevaque,
461 955 506 1008 si
527 954 684 1028 longo
700 965 990 1011 castrorum
1014 957 1070 1012 in
1089 974 1292 1013 earcere
1311 956 1523 1012 mansit.
1571 999 1572 1006 ,

158 1034 332 1086 Nemo
351 1028 751 1090 mathematicus
768 1031 987 1103 genium
1007 1031 1343 1087 indemnatus
1363 1030 1607 1085 habebit:
1662 1043 1664 1045 ·

158 1105 254 1161 sed
280 1104 378 1175 qui
396 1121 562 1176 paene
578 1105 730 1175 perit,
753 1108 840 1159 cui
862 1108 956 1161 vix
976 1106 1032 1161 in
1051 1105 1280 1178 Cyclada
1300 1106 1438 1159 mitti

157 1178 382 1251 contigit
399 1185 451 1233 et
467 1195 630 1248 parva
648 1179 859 1234 tandem
878 1180 1114 1235 caruisse
1132 1179 1369 1250 Seripho.

157 1252 405 1322 Consulit
421 1253 658 1309 ictericae
676 1253 815 1308 lento
832 1253 898 1308 de
916 1254 1099 1309 funere
1119 1255 1319 1319 matris,
1689 1266 1766 1309 565

157 1336 286 1384 ante
302 1335 480 1381 tamen
499 1326 565 1381 de
584 1336 652 1394 te,
676 1328 933 1399 Tanaquil
956 1335 1073 1384 tua:
1117 1328 1331 1400 quando
1348 1346 1577 1386 sororem

154 1402 342 1460 efferat
366 1409 417 1456 et
434 1409 647 1472 patruos
661 1420 675 1470 ;
717 1420 786 1458 an
803 1403 873 1457 sit
894 1404 1132 1464 victurus
1149 1404 1213 1459 ad
1220 1403 1353 1460 ulter

157 1483 285 1551 post
319 1475 531 1549 ipsam?
576 1476 718 1545 Quid
750 1477 894 1535 enim
930 1478 1263 1607 mainsidaoe
1294 1481 1513 1537 numina
1533 1497 1655 1552 pos-

971 1561 1098 1610 sunt

177 1623 194 1638 ‘
234 1627 379 1680 Haeo
396 1632 571 1681 tamen
592 1626 812 1699 ignorat,
836 1629 970 1700 quid
993 1629 1146 1684 sidus
1164 1628 1312 1683 triste
1327 1630 1559 1683 minetur

155 1701 398 1765 Saturni,
418 1717 527 1772 quo
546 1699 677 1754 laeta
696 1702 876 1756 Venus
897 1720 954 1756 se
971 1699 1197 1772 proferat
1218 1709 1375 1765 astro,
1605 1744 1611 1749 .
1694 1707 1772 1752 570

156 1777 259 1850 qui
286 1792 500 1830 menses
519 1773 732 1838 damno,
755 1791 893 1844 quae
914 1774 1105 1828 dentur
1124 1781 1360 1843 tempora
1377 1772 1544 1827 lucro.

154 1852 315 1907 Illius
335 1864 588 1903 occursus
612 1846 771 1900 etiam
791 1846 955 1901 vitare
979 1852 1260 1908 memento,

157 1927 212 1982 in
233 1924 404 1980 euius
424 1919 692 1984 manibuS‚
716 1936 814 1978 ceu
833 1919 1056 1993 pinguia
1076 1917 1309 1984 succina,
1338 1918 1487 1974 tritas

155 1998 340 2056 cernis
366 1993 759 2067 ephemeridas;
800 2011 937 2066 quae
964 1992 1176 2050 nullum
1194 1994 1437 2060 consulit,
1459 2002 1510 2051 et
1536 1993 1640 2050 iam

156 2070 490 2131 consulitur:
532 2085 687 2141 quae,
708 2077 877 2125 castra
903 2069 1017 2125 viro
1032 2069 1323 2142 patriamve
1339 2077 1560 2142 petente,
1697 2081 1774 2124 575

160 2166 278 2204 non
301 2146 403 2201 ibit
421 2144 616 2217 pariter
633 2145 869 2200 numeris
890 2152 1125 2201 revocata
1148 2144 1434 2220 Thrasylli.

158 2221 251 2279 Ad
274 2221 509 2292 primum
535 2218 765 2291 lapidem
784 2220 976 2277 vectari
994 2238 1166 2293 quum
1186 2220 1373 2293 placet,
1397 2220 1526 2276 hora

162 2296 403 2352 sumitur
420 2312 488 2350 ex
508 2293 669 2350 libro:
711 2295 758 2351 si
776 2297 948 2369 prurit
965 2295 1151 2351 frictus
1169 2295 1320 2351 ocelli

164 2368 424 2444 angulus,
448 2369 681 2444 inspecta
698 2370 876 2444 genesi
897 2371 1115 2446 collyria
1135 2371 1322 2442 poscit.

163 2445 342 2518 Aegra
363 2443 482 2499 licet
499 2444 677 2510 iaceat,
700 2445 953 2517 capiendo
979 2445 1126 2501 nulla
1144 2444 1354 2499 videtur
1699 2456 1775 2498 580

164 2520 343 2592 aptior
359 2518 485 2573 hora
506 2518 641 2581 cibo,
666 2520 770 2574 nisi
789 2537 951 2591 quam
977 2518 1179 2574 dederit
1197 2517 1462 2573 Petosiris.

249 2593 311 2648 Si'
325 2593 603 2649 mediocris
620 2593 743 2660 erit;
787 2594 1018 2665 spatium
1041 2592 1286 2648 lustrabit
1303 2599 1590 2663 utrumque

169 2676 452 2733 metarum,
477 2675 529 2722 et
546 2675 710 2723 sortes
729 2666 899 2731 ducet,
924 2666 1256 2740 frontemque
1273 2684 1604 2740 manumque

170 2741 444 2816 praebebit
461 2742 569 2799 vati
587 2742 831 2797 crebrum
847 2759 1143 2817 poppysma
1165 2743 1387 2817 roganti.

258 2835 495 2892 iuverint..
1404 2835 1445 2889 F
