2209 3217
385 394 438 438 20

383 913 434 957 25

382 1285 434 1328 30

383 1657 433 1699 35

382 2025 433 2072 40

381 2398 433 2445 45

502 280 568 332 44
1026 283 1215 332 IUVE
1226 281 1454 329 NALIs

493 385 674 449 herba,
699 400 795 439 nec
812 383 1110 458 ingenuum
1130 383 1385 439 violarent
1406 399 1666 438 marmora
1687 384 1952 455 tophum?

567 459 663 513 Hic
679 466 807 514 tunc
827 460 1143 521 UmbriciuS,
1166 456 1425 524 »Quando
1443 457 1662 523 artibus,
1676 459 1872 530 inquit,
1896 459 1997 516 ho-

1303 532 1466 587 uestis

493 605 677 661 nullus
720 605 790 680 *in
816 605 954 662 Urbe
1016 605 1163 661 locus
1179 646 1193 671 ,
1245 605 1394 660 nulla
1438 605 1794 662 emolumenta
1843 607 1996 664 labo—

1305 698 1447 741 rum.
1521 738 1530 742 ,

493 770 578 809 res
596 754 755 811 hodie
771 759 1050 822 minor-est,
1064 754 1191 810 here
1200 772 1364 828 quam
1375 754 1493 818 fuit,
1511 762 1668 826 atque
1678 755 1864 811 eadem
1872 773 1994 812 cras

493 829 687 885 deteret
705 830 915 903 exiguis
941 829 1173 902 aliquid:
1214 830 1563 902 proponimus
1583 829 1710 884 illuc

491 904 584 969 ire,
609 903 850 977 fatigatas
872 904 964 959 ubi
983 903 1244 959 Daedalus
1268 905 1417 959 exuit
1436 903 1563 967 alas,

491 978 624 1034 dum
643 995 780 1034 nova
799 978 1034 1043 canities,
1055 979 1188 1035 dum
1209 980 1379 1050 prima
1397 986 1448 1033 et
1467 986 1602 1033 recta
1621 987 1880 1037 senectus.

491 1052 621 1109 dum
641 1061 881 1124 superest
897 1054 1134 1118 Lachesi,
1158 1054 1303 1125 quod
1321 1060 1575 1123 torqueat,
1599 1060 1650 1106 et
1668 1051 1894 1122 pedibus
1908 1072 1997 1109 me

492 1135 642 1198 porto
660 1128 812 1193 meis,
840 1128 988 1184 nullo
1008 1127 1248 1183 dextram
1269 1127 1529 1182 subeunte
1548 1126 1752 1181 bacillo.
1865 1143 1868 1150 ¹

492 1200 756 1257 Cedamus
775 1202 970 1274 patria:
1013 1201 1197 1258 vivant
1224 1202 1468 1258 Arturius
1489 1202 1606 1255 istic

489 1283 540 1330 et
559 1275 804 1331 Catulus:
829 1287 1092 1343 maneant,
1116 1277 1211 1349 qui
1231 1277 1445 1350 nigrum
1457 1276 1510 1330 in
1522 1273 1741 1330 candida
1753 1282 1990 1343 vertunt,

492 1354 617 1420 quis
641 1348 791 1404 facile
813 1359 892 1404 est
910 1351 1090 1406 aedem
1113 1349 1416 1415 conducere,
1440 1349 1510 1405 flu
1519 1351 1680 1414 mina,
1704 1358 1910 1420 pertusa,

490 1423 786 1478 siccandam
808 1423 1057 1488 eluviem,
1083 1424 1397 1495 portandum
1419 1424 1486 1479 ad
1504 1425 1659 1479 busta
1677 1423 1919 1486 cadaver.

492 1505 541 1552 et
558 1497 806 1568 praebere
825 1507 982 1569 caput
1001 1499 1215 1553 domina
1236 1499 1419 1554 venale
1439 1500 1543 1554 sub
1561 1500 1732 1554 hasta.

490 1570 768 1638 Quondam
793 1568 851 1626 hi
870 1573 1162 1627 cornicines
1187 1580 1238 1627 et
1256 1574 1595 1645 municipalis
1613 1590 1799 1628 arenae

489 1646 726 1718 perpetui
746 1646 980 1712 comites,
1004 1655 1262 1719 notaeque
1281 1665 1374 1719 per
1391 1649 1581 1720 oppida
1603 1649 1812 1712 buccae,

490 1738 709 1776 munera
733 1737 878 1776 nunc
897 1721 1061 1777 edunt
1080 1729 1133 1778 et
1150 1739 1301 1777 verso
1320 1722 1501 1794 pollice
1522 1722 1674 1796 vulgi

492 1813 653 1867 quem
674 1796 802 1851 libet
817 1795 1062 1852 occidunt
1079 1796 1426 1869 populariter:
1469 1797 1592 1852 inde
1612 1797 1808 1852 reversi

492 1870 795 1926 conducunt
825 1871 1040 1939 foricas3
1083 1881 1136 1928 et
1163 1888 1259 1927 cur
1286 1888 1392 1927 non
1411 1871 1629 1927 omnia?
1663 1889 1833 1943 quum
1856 1873 1988 1939 sint,

492 1944 676 2017 quales
696 1962 766 1999 ex
782 1945 976 2000 humili
997 1963 1191 2019 magna
1215 1946 1282 2001 ad
1300 1946 1507 2020 fastigia
1529 1964 1720 2001 rerum.

487 2019 707 2082 extollit,
730 2021 937 2090 quoties
955 2020 1125 2075 voluit
1143 2022 1375 2076 Fortuna
1395 2022 1572 2076 iocari.

489 2093 632 2159 Quid
649 2095 845 2149 Romae
861 2092 1087 2149 faciam?
1123 2097 1333 2151 Mentiri
1354 2096 1553 2152 nescio:
1596 2093 1813 2161 librum,

488 2168 534 2222 si
559 2167 732 2224 malus
751 2175 847 2237 est,
873 2186 1078 2243 nequeo
1105 2169 1319 2226 laudare
1336 2178 1387 2226 et
1404 2187 1641 2243 poscere:
1684 2178 1862 2226 motus

490 2251 750 2298 astrorum
771 2244 984 2318 ignoro:
1026 2244 1191 2301 sunus
1210 2247 1511 2317 promittere
1534 2245 1697 2317 patris
1741 2247 1758 2260 “

491 2334 588 2372 nee
610 2317 750 2384 volo,
784 2335 880 2374 nec
904 2336 1155 2391 possum:
1198 2337 1447 2375 ranarum
1469 2321 1668 2374 viscera
1688 2335 1991 2391 numquam

489 2392 715 2463 inspexi.
771 2394 929 2449 Ferre
946 2394 1011 2449 ad
1033 2402 1275 2466 nuptam,
1300 2412 1439 2466 quae
1457 2395 1616 2449 mittit
1636 2393 1859 2460 adulter,

489 2482 627 2538 quae
642 2467 875 2533 mandat,
901 2469 1077 2524 norint
1096 2468 1213 2536 alii;
1257 2486 1343 2524 me
1363 2486 1517 2523 nemo
1536 2468 1780 2522 ministro

490 2540 577 2596 l'ur
594 2542 708 2607 erit,
733 2550 890 2614 atque
909 2544 1027 2598 ideo
1046 2542 1179 2597 nulli
1200 2559 1375 2597 comes
1395 2560 1540 2608 exeo,
1565 2551 1840 2612 tamquam

498 2632 722 2670 mancus
749 2624 799 2669 et
816 2617 1075 2672 extinctae
1094 2633 1286 2688 corpus
1309 2634 1410 2672 non
1433 2617 1561 2671 utile
1581 2617 1815 2673 dextrae.

496 2688 629 2756 Quis
649 2705 788 2744 nunc
801 2689 1057 2761 diligitur,
1083 2691 1189 2745 nisi
1209 2691 1452 2745 conscius
1470 2699 1521 2745 et
1539 2691 1625 2746 cui
1647 2689 1857 2746 fervens

387 2772 439 2816 5⁰
494 2770 697 2818 aestuat
712 2761 929 2818 occultis
949 2765 1163 2820 animus
1185 2781 1499 2837 semperque
1515 2764 1787 2820 tacendis?
