<?xml version="1.0" encoding="UTF-8"?>
<!DOCTYPE html PUBLIC "-//W3C//DTD XHTML 1.0 Transitional//EN"
    "http://www.w3.org/TR/xhtml1/DTD/xhtml1-transitional.dtd">
<html xmlns="http://www.w3.org/1999/xhtml" xml:lang="en" lang="en">
 <head>
  <title>
</title>
<meta http-equiv="Content-Type" content="text/html;charset=utf-8" />
  <meta name='ocr-system' content='tesseract 3.04.00' />
  <meta name='ocr-capabilities' content='ocr_page ocr_carea ocr_par ocr_line ocrx_word'/>
</head>
<body>
  <div class='ocr_page' id='page_1' title='image "apersiiflacciet02weisgoog_0125.png"; bbox 0 0 2209 3217; ppageno 0'>
   <div class='ocr_carea' id='block_1_1' title="bbox 731 268 1660 318">
    <p class='ocr_par' dir='ltr' id='par_1_1' title="bbox 731 268 1660 318">
     <span class='ocr_line' id='line_1_1' title="bbox 731 268 1660 318; baseline 0.005 -5"><span class='ocrx_word' id='word_1_1' title='bbox 731 269 1020 314; x_wconf 70' lang='lat' dir='ltr'>SATIRA</span> <span class='ocrx_word' id='word_1_2' title='bbox 1051 271 1124 315; x_wconf 64' lang='lat' dir='ltr'><strong>X}</strong></span> <span class='ocrx_word' id='word_1_3' title='bbox 1565 268 1660 318; x_wconf 84' lang='grc' dir='ltr'><strong>Η3</strong></span> 
     </span>
    </p>
   </div>
   <div class='ocr_carea' id='block_1_2' title="bbox 158 364 1785 2823">
    <p class='ocr_par' dir='ltr' id='par_1_2' title="bbox 168 364 1365 439">
     <span class='ocr_line' id='line_1_2' title="bbox 168 364 1365 439; baseline 0.001 -19"><span class='ocrx_word' id='word_1_4' title='bbox 168 367 308 422; x_wconf 80' lang='lat' dir='ltr'>febre</span> <span class='ocrx_word' id='word_1_5' title='bbox 333 364 471 420; x_wconf 84' lang='lat' dir='ltr'><strong>calet</strong></span> <span class='ocrx_word' id='word_1_6' title='bbox 489 364 627 431; x_wconf 81' lang='lat' dir='ltr'><strong>sola;</strong></span> <span class='ocrx_word' id='word_1_7' title='bbox 669 365 982 420; x_wconf 77' lang='lat' dir='ltr'><strong>circumsilit</strong></span> <span class='ocrx_word' id='word_1_8' title='bbox 1000 367 1214 439; x_wconf 81' lang='lat' dir='ltr'><strong>agmine</strong></span> <span class='ocrx_word' id='word_1_9' title='bbox 1232 366 1365 422; x_wconf 83' lang='lat' dir='ltr'><strong>facto</strong></span> 
     </span>
    </p>

    <p class='ocr_par' dir='ltr' id='par_1_3' title="bbox 168 440 1773 661">
     <span class='ocr_line' id='line_1_3' title="bbox 168 440 1659 515; baseline 0.003 -20"><span class='ocrx_word' id='word_1_10' title='bbox 168 441 477 496; x_wconf 82' lang='lat' dir='ltr'><strong>morborum</strong></span> <span class='ocrx_word' id='word_1_11' title='bbox 487 456 574 493; x_wconf 92' lang='lat' dir='ltr'><strong>om</strong></span> <span class='ocrx_word' id='word_1_12' title='bbox 582 456 646 492; x_wconf 89' lang='lat' dir='ltr'><strong>ne</strong></span> <span class='ocrx_word' id='word_1_13' title='bbox 653 456 824 511; x_wconf 84' lang='lat' dir='ltr'><strong>genus</strong></span> <span class='ocrx_word' id='word_1_14' title='bbox 837 459 851 494; x_wconf 90' lang='lat'>:</span> <span class='ocrx_word' id='word_1_15' title='bbox 898 457 1128 511; x_wconf 82' lang='lat' dir='ltr'><strong>quorum</strong></span> <span class='ocrx_word' id='word_1_16' title='bbox 1139 440 1185 494; x_wconf 90' lang='lat' dir='ltr'><strong>si</strong></span> <span class='ocrx_word' id='word_1_17' title='bbox 1198 442 1407 497; x_wconf 82' lang='lat' dir='ltr'><strong>nomina</strong></span> <span class='ocrx_word' id='word_1_18' title='bbox 1420 462 1659 515; x_wconf 72' lang='lat' dir='ltr'><strong>quaene,</strong></span> 
     </span>
     <span class='ocr_line' id='line_1_4' title="bbox 168 513 1773 587; baseline 0.002 -18"><span class='ocrx_word' id='word_1_19' title='bbox 168 516 432 587; x_wconf 82' lang='lat' dir='ltr'><strong>promtius</strong></span> <span class='ocrx_word' id='word_1_20' title='bbox 452 513 747 584; x_wconf 81' lang='lat' dir='ltr'><strong>expediam,</strong></span> <span class='ocrx_word' id='word_1_21' title='bbox 769 520 896 585; x_wconf 86' lang='lat' dir='ltr'><strong>quot</strong></span> <span class='ocrx_word' id='word_1_22' title='bbox 915 515 1169 570; x_wconf 82' lang='lat' dir='ltr'><strong>amaverit</strong></span> <span class='ocrx_word' id='word_1_23' title='bbox 1186 515 1376 585; x_wconf 84' lang='lat' dir='ltr'><strong>Hippia</strong></span> <span class='ocrx_word' id='word_1_24' title='bbox 1394 518 1651 584; x_wconf 89' lang='lat' dir='ltr'><strong>moechos,</strong></span> <span class='ocrx_word' id='word_1_25' title='bbox 1694 521 1773 573; x_wconf 83' lang='grc'><strong>220</strong></span> 
     </span>
     <span class='ocr_line' id='line_1_5' title="bbox 170 588 1524 661; baseline 0.001 -17"><span class='ocrx_word' id='word_1_26' title='bbox 170 596 300 661; x_wconf 88' lang='lat' dir='ltr'><strong>quot</strong></span> <span class='ocrx_word' id='word_1_27' title='bbox 319 588 609 643; x_wconf 90' lang='lat' dir='ltr'><strong>Themison</strong></span> <span class='ocrx_word' id='word_1_28' title='bbox 629 605 811 661; x_wconf 79' lang='lat' dir='ltr'><strong>aegros</strong></span> <span class='ocrx_word' id='word_1_29' title='bbox 831 597 1118 644; x_wconf 81' lang='lat' dir='ltr'><strong>auctumno</strong></span> <span class='ocrx_word' id='word_1_30' title='bbox 1138 589 1380 644; x_wconf 84' lang='lat' dir='ltr'><strong>occiderit</strong></span> <span class='ocrx_word' id='word_1_31' title='bbox 1398 608 1524 656; x_wconf 88' lang='lat' dir='ltr'><strong>uno,</strong></span> 
     </span>
    </p>

    <p class='ocr_par' dir='ltr' id='par_1_4' title="bbox 158 662 1581 810">
     <span class='ocr_line' id='line_1_6' title="bbox 170 662 1581 736; baseline 0.002 -19"><span class='ocrx_word' id='word_1_32' title='bbox 170 671 300 736; x_wconf 92' lang='lat' dir='ltr'><strong>quot</strong></span> <span class='ocrx_word' id='word_1_33' title='bbox 313 662 526 717; x_wconf 75' lang='lat' dir='ltr'><strong>Basilus</strong></span> <span class='ocrx_word' id='word_1_34' title='bbox 543 663 729 727; x_wconf 88' lang='lat' dir='ltr'><strong>socios,</strong></span> <span class='ocrx_word' id='word_1_35' title='bbox 762 663 897 735; x_wconf 76' lang='lat' dir='ltr'><strong>quot&#39;</strong></span> <span class='ocrx_word' id='word_1_36' title='bbox 907 664 1375 735; x_wconf 85' lang='lat' dir='ltr'><strong>circumscripserit</strong></span> <span class='ocrx_word' id='word_1_37' title='bbox 1394 665 1581 720; x_wconf 86' lang='lat' dir='ltr'><strong>Hirrus</strong></span> 
     </span>
     <span class='ocr_line' id='line_1_7' title="bbox 158 735 1336 810; baseline 0.001 -18"><span class='ocrx_word' id='word_1_38' title='bbox 158 737 425 810; x_wconf 74' lang='lat' dir='ltr'><strong>pupillos,</strong></span> <span class='ocrx_word' id='word_1_39' title='bbox 450 744 581 808; x_wconf 88' lang='lat' dir='ltr'><strong>quot</strong></span> <span class='ocrx_word' id='word_1_40' title='bbox 600 735 754 810; x_wconf 80' lang='lat' dir='ltr'><strong>longa</strong></span> <span class='ocrx_word' id='word_1_41' title='bbox 774 738 916 794; x_wconf 84' lang='lat' dir='ltr'><strong>viros</strong></span> <span class='ocrx_word' id='word_1_42' title='bbox 935 738 1209 794; x_wconf 74' lang='lat' dir='ltr'><strong>exsorbent</strong></span> <span class='ocrx_word' id='word_1_43' title='bbox 1226 756 1336 793; x_wconf 90' lang='lat' dir='ltr'><strong>uno</strong></span> 
     </span>
    </p>

    <p class='ocr_par' dir='ltr' id='par_1_5' title="bbox 170 811 1774 1033">
     <span class='ocr_line' id='line_1_8' title="bbox 170 811 1480 882; baseline 0.002 -16"><span class='ocrx_word' id='word_1_44' title='bbox 170 814 355 866; x_wconf 77' lang='lat' dir='ltr'><strong>Maura</strong></span> <span class='ocrx_word' id='word_1_45' title='bbox 374 811 478 875; x_wconf 90' lang='lat' dir='ltr'><strong>die,</strong></span> <span class='ocrx_word' id='word_1_46' title='bbox 501 820 632 882; x_wconf 88' lang='lat' dir='ltr'><strong>quot</strong></span> <span class='ocrx_word' id='word_1_47' title='bbox 649 812 939 882; x_wconf 84' lang='lat' dir='ltr'><strong>discipulos</strong></span> <span class='ocrx_word' id='word_1_48' title='bbox 956 813 1172 868; x_wconf 83' lang='lat' dir='ltr'><strong>inclinet</strong></span> <span class='ocrx_word' id='word_1_49' title='bbox 1191 813 1480 882; x_wconf 80' lang='lat' dir='ltr'><strong>Hamillus3</strong></span> 
     </span>
     <span class='ocr_line' id='line_1_9' title="bbox 170 886 1774 958; baseline 0.002 -19"><span class='ocrx_word' id='word_1_50' title='bbox 170 902 478 958; x_wconf 81' lang='lat' dir='ltr'><strong>percurram</strong></span> <span class='ocrx_word' id='word_1_51' title='bbox 496 886 671 949; x_wconf 49' lang='lat' dir='ltr'><strong>citium</strong></span> <span class='ocrx_word' id='word_1_52' title='bbox 700 892 831 957; x_wconf 93' lang='lat' dir='ltr'><strong>quot</strong></span> <span class='ocrx_word' id='word_1_53' title='bbox 851 886 1004 940; x_wconf 85' lang='lat' dir='ltr'><strong>villas</strong></span> <span class='ocrx_word' id='word_1_54' title='bbox 1024 887 1290 958; x_wconf 85' lang='lat' dir='ltr'><strong>possideat</strong></span> <span class='ocrx_word' id='word_1_55' title='bbox 1307 906 1469 953; x_wconf 89' lang='lat' dir='ltr'><strong>nunc,</strong></span> <span class='ocrx_word' id='word_1_56' title='bbox 1697 901 1774 944; x_wconf 76' lang='lat'><strong>225</strong></span> 
     </span>
     <span class='ocr_line' id='line_1_10' title="bbox 172 960 1547 1033; baseline 0.001 -18"><span class='ocrx_word' id='word_1_57' title='bbox 172 978 282 1033; x_wconf 88' lang='lat' dir='ltr'><strong>quo</strong></span> <span class='ocrx_word' id='word_1_58' title='bbox 299 960 547 1015; x_wconf 84' lang='lat' dir='ltr'><strong>tondente</strong></span> <span class='ocrx_word' id='word_1_59' title='bbox 569 961 748 1032; x_wconf 78' lang='lat' dir='ltr'><strong>gravis</strong></span> <span class='ocrx_word' id='word_1_60' title='bbox 771 961 951 1015; x_wconf 87' lang='lat' dir='ltr'><strong>iuveni</strong></span> <span class='ocrx_word' id='word_1_61' title='bbox 970 962 1103 1016; x_wconf 90' lang='lat' dir='ltr'><strong>mihi</strong></span> <span class='ocrx_word' id='word_1_62' title='bbox 1125 962 1288 1016; x_wconf 84' lang='lat' dir='ltr'><strong>barba</strong></span> <span class='ocrx_word' id='word_1_63' title='bbox 1308 964 1547 1018; x_wconf 81' lang='lat' dir='ltr'><strong>sonabat.</strong></span> 
     </span>
    </p>

    <p class='ocr_par' dir='ltr' id='par_1_6' title="bbox 170 1033 1603 1182">
     <span class='ocr_line' id='line_1_11' title="bbox 171 1033 1603 1108; baseline 0.001 -18"><span class='ocrx_word' id='word_1_64' title='bbox 171 1033 269 1091; x_wconf 87' lang='lat' dir='ltr'><strong>Ille</strong></span> <span class='ocrx_word' id='word_1_65' title='bbox 284 1035 528 1099; x_wconf 85' lang='lat' dir='ltr'><strong>humero,</strong></span> <span class='ocrx_word' id='word_1_66' title='bbox 556 1034 644 1089; x_wconf 88' lang='lat' dir='ltr'><strong>hic</strong></span> <span class='ocrx_word' id='word_1_67' title='bbox 664 1034 880 1099; x_wconf 75' lang='lat' dir='ltr'><strong>lumbiS,</strong></span> <span class='ocrx_word' id='word_1_68' title='bbox 904 1035 991 1089; x_wconf 90' lang='lat' dir='ltr'><strong>hic</strong></span> <span class='ocrx_word' id='word_1_69' title='bbox 1008 1052 1137 1108; x_wconf 56' lang='lat' dir='ltr'><strong>cotra</strong></span> <span class='ocrx_word' id='word_1_70' title='bbox 1157 1035 1374 1103; x_wconf 81' lang='lat' dir='ltr'><strong>debilis3</strong></span> <span class='ocrx_word' id='word_1_71' title='bbox 1417 1038 1603 1091; x_wconf 83' lang='lat' dir='ltr'><strong>ambos</strong></span> 
     </span>
     <span class='ocr_line' id='line_1_12' title="bbox 170 1107 1443 1182; baseline 0.001 -18"><span class='ocrx_word' id='word_1_72' title='bbox 170 1109 405 1182; x_wconf 84' lang='lat' dir='ltr'><strong>perdidit</strong></span> <span class='ocrx_word' id='word_1_73' title='bbox 422 1108 511 1162; x_wconf 92' lang='lat' dir='ltr'><strong>ille</strong></span> <span class='ocrx_word' id='word_1_74' title='bbox 536 1107 733 1174; x_wconf 80' lang='lat' dir='ltr'><strong>oculoS,</strong></span> <span class='ocrx_word' id='word_1_75' title='bbox 755 1117 806 1164; x_wconf 92' lang='lat' dir='ltr'><strong>et</strong></span> <span class='ocrx_word' id='word_1_76' title='bbox 825 1109 987 1164; x_wconf 89' lang='lat' dir='ltr'><strong>luscis</strong></span> <span class='ocrx_word' id='word_1_77' title='bbox 1009 1110 1237 1165; x_wconf 87' lang='lat' dir='ltr'><strong>invidet:</strong></span> <span class='ocrx_word' id='word_1_78' title='bbox 1280 1110 1443 1165; x_wconf 84' lang='lat' dir='ltr'><strong>huius</strong></span> 
     </span>
    </p>

    <p class='ocr_par' dir='ltr' id='par_1_7' title="bbox 171 1180 1395 1257">
     <span class='ocr_line' id='line_1_13' title="bbox 171 1180 1395 1257; baseline 0.001 -19"><span class='ocrx_word' id='word_1_79' title='bbox 171 1184 370 1257; x_wconf 81' lang='lat' dir='ltr'><strong>pallida</strong></span> <span class='ocrx_word' id='word_1_80' title='bbox 392 1180 534 1237; x_wconf 85' lang='lat' dir='ltr'><strong>labra</strong></span> <span class='ocrx_word' id='word_1_81' title='bbox 555 1183 735 1238; x_wconf 88' lang='lat' dir='ltr'><strong>cibum</strong></span> <span class='ocrx_word' id='word_1_82' title='bbox 752 1184 969 1255; x_wconf 86' lang='lat' dir='ltr'><strong>capiunt</strong></span> <span class='ocrx_word' id='word_1_83' title='bbox 987 1184 1171 1257; x_wconf 81' lang='lat' dir='ltr'><strong>digitis</strong></span> <span class='ocrx_word' id='word_1_84' title='bbox 1190 1184 1395 1239; x_wconf 77' lang='lat' dir='ltr'><strong>alienis,</strong></span> 
     </span>
    </p>

    <p class='ocr_par' dir='ltr' id='par_1_8' title="bbox 172 1257 1777 1477">
     <span class='ocr_line' id='line_1_14' title="bbox 172 1257 1777 1331; baseline -0.001 -17"><span class='ocrx_word' id='word_1_85' title='bbox 172 1261 292 1331; x_wconf 86' lang='lat' dir='ltr'><strong>Ipse</strong></span> <span class='ocrx_word' id='word_1_86' title='bbox 311 1257 381 1313; x_wconf 84' lang='lat' dir='ltr'><strong>ad</strong></span> <span class='ocrx_word' id='word_1_87' title='bbox 397 1265 734 1328; x_wconf 86' lang='lat' dir='ltr'><strong>conspectum</strong></span> <span class='ocrx_word' id='word_1_88' title='bbox 752 1275 940 1314; x_wconf 81' lang='lat' dir='ltr'><strong>coenae</strong></span> <span class='ocrx_word' id='word_1_89' title='bbox 964 1257 1212 1313; x_wconf 85' lang='lat' dir='ltr'><strong>diducere</strong></span> <span class='ocrx_word' id='word_1_90' title='bbox 1229 1258 1421 1313; x_wconf 84' lang='lat' dir='ltr'><strong>rictum</strong></span> <span class='ocrx_word' id='word_1_91' title='bbox 1699 1271 1777 1313; x_wconf 83' lang='grc'><strong>230</strong></span> 
     </span>
     <span class='ocr_line' id='line_1_15' title="bbox 173 1331 1666 1407; baseline 0 -18"><span class='ocrx_word' id='word_1_92' title='bbox 173 1340 378 1397; x_wconf 77' lang='lat' dir='ltr'><strong>suetuS‚</strong></span> <span class='ocrx_word' id='word_1_93' title='bbox 403 1332 514 1386; x_wconf 81' lang='lat' dir='ltr'><strong>hiat</strong></span> <span class='ocrx_word' id='word_1_94' title='bbox 531 1339 755 1396; x_wconf 85' lang='lat' dir='ltr'><strong>tantum,</strong></span> <span class='ocrx_word' id='word_1_95' title='bbox 777 1350 873 1387; x_wconf 88' lang='lat' dir='ltr'><strong>ceu</strong></span> <span class='ocrx_word' id='word_1_96' title='bbox 893 1331 1074 1404; x_wconf 91' lang='lat' dir='ltr'><strong>pullus</strong></span> <span class='ocrx_word' id='word_1_97' title='bbox 1092 1333 1414 1400; x_wconf 83' lang='lat' dir='ltr'><strong>hirundinis,</strong></span> <span class='ocrx_word' id='word_1_98' title='bbox 1430 1333 1497 1389; x_wconf 78' lang='lat' dir='ltr'><strong>ad</strong></span> <span class='ocrx_word' id='word_1_99' title='bbox 1507 1351 1666 1407; x_wconf 91' lang='lat' dir='ltr'><strong>quem</strong></span> 
     </span>
     <span class='ocr_line' id='line_1_16' title="bbox 173 1405 1327 1477; baseline -0.002 -13"><span class='ocrx_word' id='word_1_100' title='bbox 173 1426 264 1464; x_wconf 89' lang='lat' dir='ltr'><strong>ore</strong></span> <span class='ocrx_word' id='word_1_101' title='bbox 284 1406 425 1463; x_wconf 81' lang='lat' dir='ltr'><strong>volat</strong></span> <span class='ocrx_word' id='word_1_102' title='bbox 443 1405 600 1477; x_wconf 86' lang='lat' dir='ltr'><strong>pleno</strong></span> <span class='ocrx_word' id='word_1_103' title='bbox 617 1415 784 1461; x_wconf 83' lang='lat' dir='ltr'><strong>mater</strong></span> <span class='ocrx_word' id='word_1_104' title='bbox 803 1407 999 1462; x_wconf 79' lang='lat' dir='ltr'><strong>ieiuna.</strong></span> <span class='ocrx_word' id='word_1_105' title='bbox 1059 1407 1162 1462; x_wconf 88' lang='lat' dir='ltr'><strong>Sed</strong></span> <span class='ocrx_word' id='word_1_106' title='bbox 1180 1407 1327 1462; x_wconf 89' lang='lat' dir='ltr'><strong>omni</strong></span> 
     </span>
    </p>

    <p class='ocr_par' dir='ltr' id='par_1_9' title="bbox 173 1481 1517 1555">
     <span class='ocr_line' id='line_1_17' title="bbox 173 1481 1517 1555; baseline 0.001 -18"><span class='ocrx_word' id='word_1_107' title='bbox 173 1481 538 1537; x_wconf 85' lang='lat' dir='ltr'><strong>membrorum</strong></span> <span class='ocrx_word' id='word_1_108' title='bbox 557 1481 754 1537; x_wconf 85' lang='lat' dir='ltr'><strong>damno</strong></span> <span class='ocrx_word' id='word_1_109' title='bbox 778 1482 946 1537; x_wconf 84' lang='lat' dir='ltr'><strong>maior</strong></span> <span class='ocrx_word' id='word_1_110' title='bbox 961 1482 1241 1547; x_wconf 79' lang='lat' dir='ltr'><strong>dementia,</strong></span> <span class='ocrx_word' id='word_1_111' title='bbox 1266 1499 1402 1555; x_wconf 80' lang='lat' dir='ltr'><strong>quae</strong></span> <span class='ocrx_word' id='word_1_112' title='bbox 1421 1501 1517 1539; x_wconf 88' lang='lat' dir='ltr'><strong>nec</strong></span> 
     </span>
    </p>

    <p class='ocr_par' dir='ltr' id='par_1_10' title="bbox 174 1557 1506 1632">
     <span class='ocr_line' id='line_1_18' title="bbox 174 1557 1506 1632; baseline 0 -19"><span class='ocrx_word' id='word_1_113' title='bbox 174 1558 392 1613; x_wconf 82' lang='lat' dir='ltr'><strong>nomina</strong></span> <span class='ocrx_word' id='word_1_114' title='bbox 411 1572 702 1620; x_wconf 81' lang='lat' dir='ltr'><strong>servorum,</strong></span> <span class='ocrx_word' id='word_1_115' title='bbox 725 1574 820 1612; x_wconf 84' lang='lat' dir='ltr'><strong>nec</strong></span> <span class='ocrx_word' id='word_1_116' title='bbox 839 1557 1050 1614; x_wconf 81' lang='lat' dir='ltr'><strong>vultum</strong></span> <span class='ocrx_word' id='word_1_117' title='bbox 1071 1558 1307 1632; x_wconf 81' lang='lat' dir='ltr'><strong>agnoscit</strong></span> <span class='ocrx_word' id='word_1_118' title='bbox 1333 1559 1506 1623; x_wconf 81' lang='lat' dir='ltr'><strong>amici,</strong></span> 
     </span>
    </p>

    <p class='ocr_par' dir='ltr' id='par_1_11' title="bbox 172 1631 1780 1779">
     <span class='ocr_line' id='line_1_19' title="bbox 173 1631 1780 1703; baseline -0.003 -15"><span class='ocrx_word' id='word_1_119' title='bbox 173 1649 298 1688; x_wconf 87' lang='lat' dir='ltr'><strong>cum</strong></span> <span class='ocrx_word' id='word_1_120' title='bbox 318 1648 430 1703; x_wconf 93' lang='lat' dir='ltr'><strong>quo</strong></span> <span class='ocrx_word' id='word_1_121' title='bbox 446 1631 713 1701; x_wconf 79' lang='lat' dir='ltr'><strong>praeterita</strong></span> <span class='ocrx_word' id='word_1_122' title='bbox 738 1634 976 1687; x_wconf 84' lang='lat' dir='ltr'><strong>coenavit</strong></span> <span class='ocrx_word' id='word_1_123' title='bbox 997 1641 1171 1700; x_wconf 80' lang='lat' dir='ltr'><strong>nocte3</strong></span> <span class='ocrx_word' id='word_1_124' title='bbox 1214 1649 1312 1687; x_wconf 82' lang='lat' dir='ltr'><strong>nec</strong></span> <span class='ocrx_word' id='word_1_125' title='bbox 1334 1631 1472 1697; x_wconf 86' lang='lat' dir='ltr'><strong>illos,</strong></span> <span class='ocrx_word' id='word_1_126' title='bbox 1701 1641 1780 1683; x_wconf 79' lang='grc'><strong>235</strong></span> 
     </span>
     <span class='ocr_line' id='line_1_20' title="bbox 172 1705 1487 1779; baseline -0.002 -18"><span class='ocrx_word' id='word_1_127' title='bbox 172 1723 310 1779; x_wconf 88' lang='lat' dir='ltr'><strong>quos</strong></span> <span class='ocrx_word' id='word_1_128' title='bbox 329 1705 533 1778; x_wconf 83' lang='lat' dir='ltr'><strong>genuit,</strong></span> <span class='ocrx_word' id='word_1_129' title='bbox 557 1721 694 1775; x_wconf 88' lang='lat' dir='ltr'><strong>quos</strong></span> <span class='ocrx_word' id='word_1_130' title='bbox 711 1705 914 1759; x_wconf 80' lang='lat' dir='ltr'><strong>eduxit.</strong></span> <span class='ocrx_word' id='word_1_131' title='bbox 978 1707 1115 1758; x_wconf 84' lang='lat' dir='ltr'><strong>Nam</strong></span> <span class='ocrx_word' id='word_1_132' title='bbox 1135 1706 1312 1758; x_wconf 89' lang='lat' dir='ltr'><strong>codice</strong></span> <span class='ocrx_word' id='word_1_133' title='bbox 1329 1709 1487 1760; x_wconf 80' lang='lat' dir='ltr'><strong>saevo</strong></span> 
     </span>
    </p>

    <p class='ocr_par' dir='ltr' id='par_1_12' title="bbox 171 1776 1427 1844">
     <span class='ocr_line' id='line_1_21' title="bbox 171 1776 1427 1844; baseline -0.005 -7"><span class='ocrx_word' id='word_1_134' title='bbox 171 1780 395 1837; x_wconf 86' lang='lat' dir='ltr'><strong>heredes</strong></span> <span class='ocrx_word' id='word_1_135' title='bbox 420 1784 559 1831; x_wconf 84' lang='lat' dir='ltr'><strong>vetat</strong></span> <span class='ocrx_word' id='word_1_136' title='bbox 575 1794 691 1830; x_wconf 87' lang='lat' dir='ltr'><strong>esse</strong></span> <span class='ocrx_word' id='word_1_137' title='bbox 708 1793 862 1844; x_wconf 82' lang='lat' dir='ltr'><strong>suos3</strong></span> <span class='ocrx_word' id='word_1_138' title='bbox 904 1777 1041 1830; x_wconf 81' lang='lat' dir='ltr'><strong>bona</strong></span> <span class='ocrx_word' id='word_1_139' title='bbox 1065 1785 1166 1830; x_wconf 82' lang='lat' dir='ltr'><strong>tota</strong></span> <span class='ocrx_word' id='word_1_140' title='bbox 1184 1776 1427 1831; x_wconf 81' lang='lat' dir='ltr'><strong>feruntur</strong></span> 
     </span>
    </p>

    <p class='ocr_par' dir='ltr' id='par_1_13' title="bbox 173 1848 1522 1920">
     <span class='ocr_line' id='line_1_22' title="bbox 173 1848 1522 1920; baseline -0.006 -8"><span class='ocrx_word' id='word_1_141' title='bbox 173 1856 236 1911; x_wconf 81' lang='lat' dir='ltr'><strong>ad</strong></span> <span class='ocrx_word' id='word_1_142' title='bbox 255 1850 511 1909; x_wconf 86' lang='lat' dir='ltr'><strong>Phialen:</strong></span> <span class='ocrx_word' id='word_1_143' title='bbox 552 1856 758 1903; x_wconf 84' lang='lat' dir='ltr'><strong>tantum</strong></span> <span class='ocrx_word' id='word_1_144' title='bbox 778 1849 992 1903; x_wconf 66' lang='lat' dir='ltr'><strong>artificis</strong></span> <span class='ocrx_word' id='word_1_145' title='bbox 1008 1848 1152 1903; x_wconf 80' lang='lat' dir='ltr'><strong>valet</strong></span> <span class='ocrx_word' id='word_1_146' title='bbox 1170 1849 1366 1903; x_wconf 83' lang='lat' dir='ltr'><strong>halitus</strong></span> <span class='ocrx_word' id='word_1_147' title='bbox 1383 1850 1522 1920; x_wconf 31' lang='lat' dir='ltr'><strong>oris,-</strong></span> 
     </span>
    </p>

    <p class='ocr_par' dir='ltr' id='par_1_14' title="bbox 171 1921 1476 2002">
     <span class='ocr_line' id='line_1_23' title="bbox 171 1921 1476 2002; baseline 0 -23"><span class='ocrx_word' id='word_1_148' title='bbox 171 1928 321 2002; x_wconf 86' lang='lat' dir='ltr'><strong>quod</strong></span> <span class='ocrx_word' id='word_1_149' title='bbox 348 1929 558 1979; x_wconf 84' lang='lat' dir='ltr'><strong>steterat</strong></span> <span class='ocrx_word' id='word_1_150' title='bbox 577 1922 760 1977; x_wconf 87' lang='lat' dir='ltr'><strong>multis</strong></span> <span class='ocrx_word' id='word_1_151' title='bbox 779 1923 834 1977; x_wconf 93' lang='lat' dir='ltr'><strong>in</strong></span> <span class='ocrx_word' id='word_1_152' title='bbox 854 1939 1056 1977; x_wconf 85' lang='lat' dir='ltr'><strong>carcere</strong></span> <span class='ocrx_word' id='word_1_153' title='bbox 1073 1921 1287 1977; x_wconf 84' lang='lat' dir='ltr'><strong>fornicis</strong></span> <span class='ocrx_word' id='word_1_154' title='bbox 1306 1924 1476 1979; x_wconf 65' lang='lat' dir='ltr'><strong>annis„</strong></span> 
     </span>
    </p>

    <p class='ocr_par' dir='ltr' id='par_1_15' title="bbox 172 1997 1781 2147">
     <span class='ocr_line' id='line_1_24' title="bbox 174 1997 1781 2075; baseline -0.006 -15"><span class='ocrx_word' id='word_1_155' title='bbox 174 2006 239 2061; x_wconf 91' lang='lat' dir='ltr'><strong>Ut</strong></span> <span class='ocrx_word' id='word_1_156' title='bbox 264 2002 484 2075; x_wconf 82' lang='lat' dir='ltr'><strong>vigeant</strong></span> <span class='ocrx_word' id='word_1_157' title='bbox 501 2014 692 2053; x_wconf 85' lang='lat' dir='ltr'><strong>sensus</strong></span> <span class='ocrx_word' id='word_1_158' title='bbox 709 1997 894 2063; x_wconf 82' lang='lat' dir='ltr'><strong>animi,</strong></span> <span class='ocrx_word' id='word_1_159' title='bbox 917 1997 1156 2053; x_wconf 84' lang='lat' dir='ltr'><strong>ducenda</strong></span> <span class='ocrx_word' id='word_1_160' title='bbox 1176 2008 1346 2057; x_wconf 72' lang='lat' dir='ltr'><strong>tamen</strong></span> <span class='ocrx_word' id='word_1_161' title='bbox 1366 2007 1495 2054; x_wconf 86' lang='lat' dir='ltr'><strong>sunt</strong></span> <span class='ocrx_word' id='word_1_162' title='bbox 1703 2006 1781 2052; x_wconf 79' lang='lat'><strong>240</strong></span> 
     </span>
     <span class='ocr_line' id='line_1_25' title="bbox 172 2073 1443 2147; baseline -0.004 -13"><span class='ocrx_word' id='word_1_163' title='bbox 172 2078 362 2134; x_wconf 74' lang='lat' dir='ltr'><strong>funera</strong></span> <span class='ocrx_word' id='word_1_164' title='bbox 383 2082 647 2139; x_wconf 86' lang='lat' dir='ltr'><strong>natorum,</strong></span> <span class='ocrx_word' id='word_1_165' title='bbox 671 2090 833 2147; x_wconf 81' lang='lat' dir='ltr'><strong>rogus</strong></span> <span class='ocrx_word' id='word_1_166' title='bbox 853 2073 1224 2145; x_wconf 85' lang='lat' dir='ltr'><strong>adspiciendus</strong></span> <span class='ocrx_word' id='word_1_167' title='bbox 1243 2082 1443 2129; x_wconf 74' lang='lat' dir='ltr'><strong>amatae</strong></span> 
     </span>
    </p>

    <p class='ocr_par' dir='ltr' id='par_1_16' title="bbox 172 2147 1532 2223">
     <span class='ocr_line' id='line_1_26' title="bbox 172 2147 1532 2223; baseline -0.003 -16"><span class='ocrx_word' id='word_1_168' title='bbox 172 2150 440 2223; x_wconf 80' lang='lat' dir='ltr'><strong>coniugis,</strong></span> <span class='ocrx_word' id='word_1_169' title='bbox 462 2156 514 2203; x_wconf 82' lang='lat' dir='ltr'><strong>et</strong></span> <span class='ocrx_word' id='word_1_170' title='bbox 534 2147 728 2214; x_wconf 79' lang='lat' dir='ltr'><strong>fratris,</strong></span> <span class='ocrx_word' id='word_1_171' title='bbox 752 2148 1043 2221; x_wconf 82' lang='lat' dir='ltr'><strong>plenaeque</strong></span> <span class='ocrx_word' id='word_1_172' title='bbox 1060 2148 1331 2205; x_wconf 84' lang='lat' dir='ltr'><strong>sororibus</strong></span> <span class='ocrx_word' id='word_1_173' title='bbox 1347 2167 1532 2205; x_wconf 80' lang='lat' dir='ltr'><strong>urnae.</strong></span> 
     </span>
    </p>

    <p class='ocr_par' dir='ltr' id='par_1_17' title="bbox 172 2223 1465 2295">
     <span class='ocr_line' id='line_1_27' title="bbox 172 2223 1465 2295; baseline -0.002 -13"><span class='ocrx_word' id='word_1_174' title='bbox 172 2228 315 2282; x_wconf 80' lang='lat' dir='ltr'><strong>Haec</strong></span> <span class='ocrx_word' id='word_1_175' title='bbox 333 2225 453 2279; x_wconf 81' lang='lat' dir='ltr'><strong>data</strong></span> <span class='ocrx_word' id='word_1_176' title='bbox 470 2241 635 2295; x_wconf 80' lang='lat' dir='ltr'><strong>poena</strong></span> <span class='ocrx_word' id='word_1_177' title='bbox 654 2223 749 2279; x_wconf 88' lang='lat' dir='ltr'><strong>diu</strong></span> <span class='ocrx_word' id='word_1_178' title='bbox 768 2226 1091 2290; x_wconf 79' lang='lat' dir='ltr'><strong>viventibuS,</strong></span> <span class='ocrx_word' id='word_1_179' title='bbox 1121 2232 1197 2291; x_wconf 86' lang='lat' dir='ltr'><strong>ut,</strong></span> <span class='ocrx_word' id='word_1_180' title='bbox 1222 2233 1465 2281; x_wconf 85' lang='lat' dir='ltr'><strong>renovata</strong></span> 
     </span>
    </p>

    <p class='ocr_par' dir='ltr' id='par_1_18' title="bbox 171 2299 1781 2595">
     <span class='ocr_line' id='line_1_28' title="bbox 173 2299 1533 2372; baseline -0.003 -15"><span class='ocrx_word' id='word_1_181' title='bbox 173 2317 386 2372; x_wconf 89' lang='lat' dir='ltr'><strong>semper</strong></span> <span class='ocrx_word' id='word_1_182' title='bbox 403 2299 549 2354; x_wconf 85' lang='lat' dir='ltr'><strong>clade</strong></span> <span class='ocrx_word' id='word_1_183' title='bbox 567 2299 779 2366; x_wconf 87' lang='lat' dir='ltr'><strong>domus,</strong></span> <span class='ocrx_word' id='word_1_184' title='bbox 809 2300 994 2356; x_wconf 82' lang='lat' dir='ltr'><strong>multis</strong></span> <span class='ocrx_word' id='word_1_185' title='bbox 1014 2301 1069 2355; x_wconf 90' lang='lat' dir='ltr'><strong>in</strong></span> <span class='ocrx_word' id='word_1_186' title='bbox 1091 2299 1340 2364; x_wconf 79' lang='lat' dir='ltr'><strong>luctibus,</strong></span> <span class='ocrx_word' id='word_1_187' title='bbox 1367 2302 1533 2370; x_wconf 88' lang='lat' dir='ltr'><strong>inque</strong></span> 
     </span>
     <span class='ocr_line' id='line_1_29' title="bbox 171 2376 1781 2448; baseline -0.002 -20"><span class='ocrx_word' id='word_1_188' title='bbox 171 2382 432 2448; x_wconf 86' lang='lat' dir='ltr'><strong>perpetuo</strong></span> <span class='ocrx_word' id='word_1_189' title='bbox 447 2391 697 2440; x_wconf 86' lang='lat' dir='ltr'><strong>moerore,</strong></span> <span class='ocrx_word' id='word_1_190' title='bbox 720 2383 772 2430; x_wconf 86' lang='lat' dir='ltr'><strong>et</strong></span> <span class='ocrx_word' id='word_1_191' title='bbox 790 2376 940 2448; x_wconf 85' lang='lat' dir='ltr'><strong>nigra</strong></span> <span class='ocrx_word' id='word_1_192' title='bbox 962 2383 1104 2430; x_wconf 81' lang='lat' dir='ltr'><strong>veste</strong></span> <span class='ocrx_word' id='word_1_193' title='bbox 1122 2380 1409 2430; x_wconf 82' lang='lat' dir='ltr'><strong>senescant.</strong></span> <span class='ocrx_word' id='word_1_194' title='bbox 1704 2379 1781 2425; x_wconf 72' lang='lat'><strong>245</strong></span> 
     </span>
     <span class='ocr_line' id='line_1_30' title="bbox 173 2448 1563 2522; baseline -0.002 -17"><span class='ocrx_word' id='word_1_195' title='bbox 173 2452 290 2506; x_wconf 85' lang='lat' dir='ltr'><strong>Rex</strong></span> <span class='ocrx_word' id='word_1_196' title='bbox 309 2448 514 2522; x_wconf 83' lang='lat' dir='ltr'><strong>Pylius,</strong></span> <span class='ocrx_word' id='word_1_197' title='bbox 538 2466 732 2522; x_wconf 81' lang='lat' dir='ltr'><strong>magno</strong></span> <span class='ocrx_word' id='word_1_198' title='bbox 753 2450 802 2503; x_wconf 89' lang='lat' dir='ltr'><strong>si</strong></span> <span class='ocrx_word' id='word_1_199' title='bbox 817 2449 1116 2521; x_wconf 80' lang='lat' dir='ltr'><strong>quidquam</strong></span> <span class='ocrx_word' id='word_1_200' title='bbox 1134 2448 1306 2503; x_wconf 81' lang='lat' dir='ltr'><strong>credis</strong></span> <span class='ocrx_word' id='word_1_201' title='bbox 1323 2448 1563 2512; x_wconf 86' lang='lat' dir='ltr'><strong>Homero,</strong></span> 
     </span>
     <span class='ocr_line' id='line_1_31' title="bbox 174 2522 1392 2595; baseline -0.003 -15"><span class='ocrx_word' id='word_1_202' title='bbox 174 2524 487 2595; x_wconf 87' lang='lat' dir='ltr'><strong>exemplum</strong></span> <span class='ocrx_word' id='word_1_203' title='bbox 507 2524 645 2579; x_wconf 78' lang='lat' dir='ltr'><strong>vitae</strong></span> <span class='ocrx_word' id='word_1_204' title='bbox 663 2522 764 2577; x_wconf 83' lang='lat' dir='ltr'><strong>fuit</strong></span> <span class='ocrx_word' id='word_1_205' title='bbox 781 2541 812 2578; x_wconf 87' lang='lat' dir='ltr'>a</span> <span class='ocrx_word' id='word_1_206' title='bbox 831 2525 1037 2578; x_wconf 88' lang='lat' dir='ltr'><strong>cornice</strong></span> <span class='ocrx_word' id='word_1_207' title='bbox 1052 2522 1329 2578; x_wconf 66' lang='lat' dir='ltr'><strong>secundae.</strong></span> <span class='ocrx_word' id='word_1_208' title='bbox 1387 2524 1392 2530; x_wconf 88' lang='lat'><em>&#39;</em></span> 
     </span>
    </p>

    <p class='ocr_par' dir='ltr' id='par_1_19' title="bbox 172 2597 1432 2671">
     <span class='ocr_line' id='line_1_32' title="bbox 172 2597 1432 2671; baseline -0.004 -16"><span class='ocrx_word' id='word_1_209' title='bbox 172 2598 334 2655; x_wconf 85' lang='lat' dir='ltr'><strong>Felix</strong></span> <span class='ocrx_word' id='word_1_210' title='bbox 353 2599 630 2664; x_wconf 84' lang='lat' dir='ltr'><strong>nimirum,</strong></span> <span class='ocrx_word' id='word_1_211' title='bbox 654 2598 752 2671; x_wconf 87' lang='lat' dir='ltr'><strong>qui</strong></span> <span class='ocrx_word' id='word_1_212' title='bbox 772 2614 867 2669; x_wconf 88' lang='lat' dir='ltr'><strong>per</strong></span> <span class='ocrx_word' id='word_1_213' title='bbox 885 2605 959 2652; x_wconf 82' lang='lat' dir='ltr'><strong>tot</strong></span> <span class='ocrx_word' id='word_1_214' title='bbox 981 2597 1190 2654; x_wconf 81' lang='lat' dir='ltr'><strong>saecula</strong></span> <span class='ocrx_word' id='word_1_215' title='bbox 1209 2603 1432 2652; x_wconf 77' lang='lat' dir='ltr'><strong>mortem</strong></span> 
     </span>
    </p>

    <p class='ocr_par' dir='ltr' id='par_1_20' title="bbox 173 2672 1785 2823">
     <span class='ocr_line' id='line_1_33' title="bbox 173 2672 1563 2745; baseline -0.001 -17"><span class='ocrx_word' id='word_1_216' title='bbox 173 2672 405 2738; x_wconf 76' lang='lat' dir='ltr'><strong>distulit,</strong></span> <span class='ocrx_word' id='word_1_217' title='bbox 434 2681 592 2745; x_wconf 81' lang='lat' dir='ltr'><strong>etque</strong></span> <span class='ocrx_word' id='word_1_218' title='bbox 611 2690 738 2728; x_wconf 86' lang='lat' dir='ltr'><strong>suos</strong></span> <span class='ocrx_word' id='word_1_219' title='bbox 762 2672 870 2727; x_wconf 85' lang='lat' dir='ltr'><strong>iam</strong></span> <span class='ocrx_word' id='word_1_220' title='bbox 889 2672 1071 2727; x_wconf 81' lang='lat' dir='ltr'><strong>dextra</strong></span> <span class='ocrx_word' id='word_1_221' title='bbox 1090 2678 1360 2745; x_wconf 81' lang='lat' dir='ltr'><strong>computat</strong></span> <span class='ocrx_word' id='word_1_222' title='bbox 1378 2687 1563 2737; x_wconf 78' lang='lat' dir='ltr'><strong>annos,</strong></span> 
     </span>
     <span class='ocr_line' id='line_1_34' title="bbox 175 2747 1785 2823; baseline -0.006 -19"><span class='ocrx_word' id='word_1_223' title='bbox 175 2749 387 2823; x_wconf 87' lang='lat' dir='ltr'><strong>quique</strong></span> <span class='ocrx_word' id='word_1_224' title='bbox 405 2765 607 2805; x_wconf 83' lang='lat' dir='ltr'><strong>novum</strong></span> <span class='ocrx_word' id='word_1_225' title='bbox 625 2748 774 2803; x_wconf 79' lang='lat' dir='ltr'><strong>toties</strong></span> <span class='ocrx_word' id='word_1_226' title='bbox 792 2754 1035 2803; x_wconf 82' lang='lat' dir='ltr'><strong>mustum</strong></span> <span class='ocrx_word' id='word_1_227' title='bbox 1055 2747 1206 2803; x_wconf 86' lang='lat' dir='ltr'><strong>bibit.</strong></span> <span class='ocrx_word' id='word_1_228' title='bbox 1247 2747 1370 2813; x_wconf 86' lang='lat' dir='ltr'><strong>Oro,</strong></span> <span class='ocrx_word' id='word_1_229' title='bbox 1395 2762 1682 2820; x_wconf 78' lang='lat' dir='ltr'><strong>parumper</strong></span> <span class='ocrx_word' id='word_1_230' title='bbox 1706 2754 1785 2797; x_wconf 81' lang='lat'><strong>250</strong></span> 
     </span>
    </p>
   </div>
   <div class='ocr_carea' id='block_1_3' title="bbox 252 2839 1378 2897">
    <p class='ocr_par' dir='ltr' id='par_1_21' title="bbox 252 2839 1378 2897">
     <span class='ocr_line' id='line_1_35' title="bbox 252 2839 1378 2897; baseline -0.003 -1"><span class='ocrx_word' id='word_1_231' title='bbox 252 2841 498 2897; x_wconf 72' lang='lat' dir='ltr'><strong>Imm.</strong></span> <span class='ocrx_word' id='word_1_232' title='bbox 1330 2839 1378 2893; x_wconf 86' lang='lat' dir='ltr'>H</span> 
     </span>
    </p>
   </div>
  </div>
 </body>
</html>
