2209 3217
747 276 1041 322 SATIRA
1076 278 1165 323 VI.
1637 273 1707 325 ‘77

215 373 432 430 callidus
452 379 504 428 et
520 373 708 428 cristae
724 373 918 446 digitos
938 375 1205 446 impressit
1223 376 1422 447 aliptes,

214 466 271 504 ac
297 466 575 504 summum
593 448 841 503 dominae
855 446 1030 502 femur
1049 448 1342 508 exclamare
1359 455 1538 525 coegit.

215 523 679 578 Convivaemiseri
706 523 899 577 interea
922 539 1219 595 somnoque
1235 522 1477 595 fameque

214 604 527 670 urguentur.
584 597 818 651 Tandem
838 596 927 651 illa
948 598 1094 652 venit
1112 596 1488 662 rubicundula‚
1509 607 1676 654 totum
1733 608 1813 654 425

213 672 570 743 oenophorum
595 671 795 735 sitienS,
823 670 979 742 plena
997 673 1144 744 quod
1162 672 1396 727 tenditur
1411 688 1548 726 urna

212 746 482 801 admotum
502 745 747 817 pedibuS,
771 745 838 800 de
856 763 967 816 quo
982 749 1245 802 sextarius
1270 747 1399 802 alter

211 820 420 876 ducitur
438 828 556 875 ante
572 821 774 885 cibum,
797 820 1038 875 rabidam
1057 820 1291 877 facturus
1317 822 1541 877 orexim.

210 895 347 950 Dum
369 893 521 959 redit,
544 902 594 949 et
617 893 721 949 loto
740 902 931 948 terram
949 894 1068 949 ferit
1087 896 1350 965 intestino,

210 970 564 1024 marmoribus
585 969 687 1024 rivi
706 976 1003 1041 properant,
1027 977 1119 1025 aut
1136 970 1239 1026 lata
1259 971 1477 1026 Falerno
1733 977 1813 1024 430

208 1044 382 1116 pelvis
400 1043 528 1098 olet:
573 1060 698 1098 nam
717 1044 813 1109 sic,
842 1050 1119 1116 tamquam
1143 1045 1247 1100 alta
1265 1046 1323 1100 in
1341 1043 1482 1099 dolia
1500 1042 1693 1117 longus

207 1118 458 1174 deciderit
472 1135 711 1189 serpens»,
732 1118 870 1173 bibit
887 1126 939 1173 et
959 1119 1147 1174 vomit.
1205 1120 1346 1192 Ergo
1365 1118 1590 1173 maritus

207 1200 444 1257 nauseat,
469 1200 628 1263 atque
643 1191 810 1256 oculis
828 1191 992 1247 bilem
1009 1193 1330 1266 substringit
1345 1192 1558 1264 opertis.

279 1266 378 1322 Illa
396 1274 568 1322 tamen
585 1266 817 1341 gravior,
847 1283 1004 1339 quae,
1034 1283 1209 1338 quum
1232 1266 1564 1324 discumbere
1586 1285 1705 1323 coe-

1053 1341 1113 1407 it,
1191 1381 1196 1382 ff

204 1415 388 1472 laudat
403 1414 710 1490 Virgilium,
732 1415 993 1488 periturae
1010 1358 1236 1491 ignoscit
1253 1416 1471 1482 Elissae,
1670 1418 1673 1420 ’
1731 1423 1812 1471 435

204 1490 489 1546 committit
508 1499 651 1546 vates
669 1498 721 1545 et
736 1498 1026 1563 comparat3
1051 1491 1176 1547 inde
1194 1492 1460 1548 Maronem

204 1574 366 1637 atque
384 1564 486 1620 alia
504 1573 649 1639 parte
667 1566 723 1620 in
743 1567 938 1621 trutina
958 1567 1238 1638 suspendit
1259 1569 1565 1623 Homerum.

203 1640 415 1697 Cedunt
432 1640 783 1713 grammatici,
812 1642 1101 1697 vincuntur
1120 1642 1369 1706 rhetores,
1391 1643 1568 1697 omnis

199 1715 360 1771 turba
381 1721 538 1783 tacet3
581 1731 679 1769 nec
693 1714 1013 1779 causidicus,
1038 1732 1135 1769 nec
1152 1731 1336 1784 praeco
1353 1714 1619 1785 loquatur,

200 1789 364 1846 altera
391 1805 490 1843 nec
507 1787 729 1842 mulier:
771 1787 1055 1842 verborum
1073 1794 1216 1841 tanta
1238 1787 1377 1841 cadit
1397 1787 1500 1851 vie,
1730 1794 1811 1839 44⁰

198 1872 274 1919 tot
298 1863 501 1936 pariter
522 1859 702 1930 pelves
725 1866 777 1912 et
792 1859 1149 1913 tintinnabula
1166 1859 1311 1913 dicas

198 1935 435 2010 pulsari.
496 1933 606 1987 Iam
629 1949 788 1987 nemo
801 1932 959 1986 tubas
983 1939 1142 2004 atque
1158 1949 1276 1990 aera
1294 1930 1497 2007 fatiget:
1575 2002 1578 2006 ἱ

196 2030 311 2069 una
331 2006 592 2066 laboranti
612 2007 800 2079 poterit
817 2023 1120 2063 succurrere
1138 2007 1314 2064 lunae.
1537 2031 1543 2036 ·

271 2083 511 2159 Imponit
528 2082 691 2139 finem
708 2082 920 2154 sapiens
943 2089 995 2137 et
1019 2083 1180 2139 rebus
1196 2082 1450 2139 honestis.

194 2163 340 2217 Nam
359 2160 409 2215 si
432 2158 583 2214 docta
601 2158 765 2214 nimis
782 2158 930 2230 cupit
948 2165 1001 2213 et
1017 2157 1243 2215 facunda
1266 2157 1453 2223 videri,
1730 2164 1810 2212 445

193 2252 356 2291 crure
373 2242 530 2290 tenus
548 2232 725 2289 medio
743 2234 947 2289 mnicas
964 2234 1271 2309 succingere
1286 2234 1458 2299 debet,

193 2309 419 2366 caedere
434 2307 651 2364 Silvano
667 2325 906 2382 porcum,
927 2310 1220 2381 quadrante
1239 2309 1423 2365 lavari.

194 2386 319 2440 Non
342 2383 536 2439 habeat
550 2391 806 2449 matrona,
826 2383 925 2440 tibi
942 2403 1080 2457 quae
1098 2386 1282 2440 iuncta
1294 2383 1571 2448 recumbit,

194 2459 415 2515 dicendi
432 2475 622 2533 genus,
645 2466 738 2515 aut
753 2465 968 2514 curtum
985 2475 1228 2514 sermone
1243 2465 1408 2513 rotato
1716 2511 1721 2516 .

192 2540 446 2607 torqueat
462 2532 821 2607 enthymema,
847 2549 942 2586 nec
965 2533 1212 2589 historias
1230 2533 1360 2586 sciat
1376 2548 1587 2586 omnes:
1730 2538 1809 2586 450

193 2609 295 2664 sed
313 2606 577 2681 quaedam
597 2624 666 2662 ex
684 2606 838 2661 libris
856 2613 908 2660 et
925 2623 1033 2661 non
1051 2605 1219 2661 intelli
1288 2612 1328 2659 t.
1390 2602 1493 2660 Odi

194 2684 339 2739 hanc
358 2699 477 2756 ego,
506 2697 644 2753 quae
665 2680 850 2752 repetit
870 2677 1140 2752 volvitque
1159 2681 1229 2734 Pa
1250 2680 1485 2735 aemonis
1504 2687 1688 2743 artem,

194 2766 407 2815 servata
425 2772 634 2828 semper
653 2754 767 2828 lege
783 2761 837 2810 et
853 2754 1052 2810 ratione
1071 2754 1319 2826 loquendi
1329 2797 1341 2820 ,
