2209 3217
2169 283 2195 434 Ἰ

572 259 638 311 84
1100 265 1129 309 1
1137 264 1234 310 Uv
1245 264 1289 310 E
1298 265 1345 310 N
1353 265 1483 311 ALI
1492 265 1525 310 8

571 360 724 416 Illam
749 377 848 434 ego
872 378 977 419 non
996 363 1229 431 tulerim,
1256 380 1395 436 quae
1414 369 1698 436 computat,
1722 370 1773 419 et
1790 364 1976 421 scelus
1997 366 2081 423 in-

1375 455 1508 511 gens

569 526 698 565 sana
717 508 854 565 facit.
913 510 1160 583 Spectant
1175 512 1494 567 subeuntem
1514 512 1616 568 fata
1634 513 1810 568 mariti

568 583 839 650 Alcestim,
863 592 931 651 et,
953 585 1149 641 similis
1172 586 1219 640 si
1238 587 1554 657 permutatio
1569 586 1740 651 detur,

572 667 739 715 morte
757 660 859 715 viri
877 659 1095 730 cupiant
1119 660 1353 715 animam
1373 678 1584 717 servare
1598 660 1832 717 catellae.

461 745 539 789 555
568 733 854 790 Occurrent
872 733 1069 789 multae
1080 734 1184 788 tibi
1202 733 1407 789 Belides
1421 742 1584 807 atque
1600 734 1892 809 Eriphylae

570 825 754 865 mane:
796 807 1268 882 Clytaemnestram
1288 809 1474 865 nullus
1493 828 1599 866 non
1621 811 1774 866 vicus
1791 810 2037 867 habebit.

570 885 679 939 Hoc
696 889 902 938 tantum
922 882 1094 949 refert,
1163 883 1269 938 uod
1288 883 1550 958 Tyndaris
1569 884 1661 939 ina
1678 885 1973 957 bipennem

570 957 832 1014 insulsam
854 964 907 1013 et
923 957 1122 1014 fatuam
1164 975 1291 1014 aeva
1307 958 1598 1031 dextraque
1614 960 1842 1014 tenebat.

570 1035 638 1088 At
660 1048 803 1088 nunc
819 1050 903 1088 res
921 1052 951 1089 a
995 1033 1098 1088 'tur
1115 1033 1261 1089 tenui
1280 1032 1535 1105 pulmone
1553 1033 1794 1102 rubetae;

461 1118 540 1162 66⁰
569 1108 663 1164 sed
683 1115 857 1164 tamen
875 1116 926 1163 et
964 1125 1098 1173 erro,
1120 1108 1167 1163 si
1184 1117 1543 1182 praegustaret
1559 1107 1768 1163 Atrides

571 1183 782 1239 Pontica
799 1189 878 1238 ter
895 1184 1020 1241 victi
1037 1190 1225 1241 cautus
1243 1182 1589 1239 medicamina
1610 1182 1769 1257 regis.

961 1425 1442 1504 sAfrlnA
1533 1426 1690 1483 vn.

569 1572 719 1613 ΑΒΘ.
753 1570 924 1611 Miseria
949 1570 1195 1610 describitur
1218 1577 1262 1611 et
1285 1578 1529 1622 contentus,
1554 1587 1636 1627 quo
1657 1575 1817 1614 iuuant
1837 1574 1886 1622 ii,
1906 1579 1981 1628 qui
1999 1592 2070 1618 ιι·-

659 1634 773 1674 tibu·
793 1633 998 1681 stude-nt,
1026 1639 1075 1672 ut
1098 1640 1257 1683 poetae.
1275 1633 1481 1682 historici,
1509 1635 1721 1684 causidici,
1740 1637 1920 1678 rhetores
1940 1647 2069 1693 atque

661 1696 926 1748 gemmatici,
953 1697 1000 1737 in
1017 1703 1164 1745 aetate,
1184 1697 1230 1738 in
1248 1711 1328 1749 qua
1343 1699 1478 1739 omi·
1495 1700 1615 1739 luxui
1633 1706 1754 1752 atque
1769 1702 1930 1742 divitiis
1949 1714 2072 1754 post-

661 1761 899 1800 habeantur.

646 1836 726 1901 Et
742 1859 866 1917 spes
883 1852 934 1901 et
950 1843 1084 1900 ratio
1101 1842 1401 1901 studiorum
1421 1842 1479 1899 in
1499 1843 1716 1901 Caesare
1740 1852 1949 1903 tantum
1971 1866 1985 1900 ε

569 1920 716 1978 solus
735 1920 877 1976 enim
901 1920 1074 1974 tristes
1091 1919 1193 1975 hac
1208 1927 1510 1992 tempestate
1529 1919 1785 1975 Camenas

568 1995 814 2067 respexit,
836 2009 1009 2064 quum
1030 1994 1135 2049 iam
1162 1994 1392 2050 celebres
1411 1994 1627 2064 notique
1643 2000 1824 2063 poetae

568 2067 871 2126 balneolum
891 2066 1094 2132 Gabiis,
1117 2068 1313 2125 Romae
1328 2067 1618 2123 conducere
1634 2064 1819 2121 furnos

462 2161 485 2201 5
568 2151 841 2208 tentarent,
867 2158 964 2198 nec
979 2141 1194 2198 foedum
1214 2143 1302 2198 alii
1322 2158 1417 2197 nee
1439 2149 1593 2211 turpe
1611 2146 1856 2209 putarent

514 2241 525 2249 ·
570 2234 852 2294 praecones
877 2216 1007 2282 fieri,
1029 2234 1223 2290 quum,
1247 2216 1464 2271 desertis
1483 2212 1786 2286 Aganippes

573 2294 819 2358 vallibus,
841 2291 1080 2347 esuriens
1098 2292 1349 2364 migraret
1366 2289 1422 2343 in
1436 2288 1566 2343 atria
1586 2286 1720 2344 Clio.

570 2372 705 2425 Nam
726 2368 773 2424 si
802 2367 968 2423 Pieria
987 2365 1256 2438 quadrans
1274 2362 1369 2418 tibi
1389 2360 1574 2418 nullus
1593 2363 1648 2418 in
1667 2379 1786 2419 arca

568 2443 890 2508 ostendatur,
911 2457 1056 2496 ames
1076 2455 1268 2494 nomen
1287 2438 1595 2510 victumque
1614 2438 1933 2503 Machaerae,

463 2532 513 2572 ιο
568 2527 620 2574 et
638 2516 837 2574 vendas
853 2515 1048 2588 potius,
1070 2512 1353 2570 commissa
1370 2512 1517 2587 quod
1540 2512 1712 2569 auctio
1728 2512 1911 2569 vendit

570 2591 854 2656 stantibuS,
877 2590 1258 2663 oenophorum,
1288 2588 1539 2663 tripodas,
1564 2589 1808 2654 armaria,
1834 2588 2017 2656 cistas,

571 2666 859 2738 Alcyonem
884 2666 1056 2732 Pacci,
1079 2665 1289 2721 Thebas
1306 2672 1359 2721 et
1376 2666 1535 2722 Terea
1552 2664 1755 2727 Fausti.

571 2740 678 2794 Hoc
697 2737 881 2802 satius,
903 2755 1068 2810 quam
1088 2741 1136 2795 si
1154 2739 1299 2795 dicas
1323 2740 1430 2796 sub
1454 2738 1644 2805 iudice,
1668 2737 1807 2803 Vidi,
