2209 3217
735 242 1021 317 aarum
1055 274 1122 318 x,
1574 270 1671 321 ¹09

180 369 381 424 cervice
399 369 606 424 astricta
625 369 903 424 dominum
916 369 1108 424 trahat.
1119 389 1148 425 ι
1200 372 1266 424 Ηί
1282 389 1548 430 sermones

179 451 307 498 tune
324 443 392 497 de
412 443 618 510 Seiano,
638 451 835 499 secreta
858 445 988 499 haee
1005 461 1285 500 murmura
1303 446 1470 520 vulgi.

179 519 344 574 Visne
362 516 599 584 salutari,
629 519 766 573 sicut
783 518 1044 574 Seianus?
1079 519 1274 575 habere
1727 534 1781 576 9⁰

178 592 547 648 tantumdem?
581 601 741 665 atque
759 593 834 649 illi
855 594 1013 650 sellas
1032 594 1229 652 donare
1252 593 1480 660 cumles,

178 666 336 722 illum
354 667 672 723 exercitibus
691 669 1043 741 praeponere?
1078 677 1220 725 tutor
1239 669 1423 725 haberi

176 742 453 815 principiS,
479 751 700 816 angusta
721 744 1042 816 Caprearum
1063 745 1120 799 in
1140 762 1272 817 rupe
1291 744 1521 800 sedentis

178 834 305 872 cum
321 833 482 890 grege
509 817 805 874 Chaldaeo?
843 821 926 876 vis
945 829 1112 875 eei-tae
1130 819 1236 890 pila
1256 819 1500 884 eohortiS,

179 892 420 966 egregios
438 894 659 964 equites»,
684 900 735 949 et
755 901 924 949 eastra
940 893 1261 950 domestica?
1297 894 1496 961 Quidni
1731 907 1782 951 95

176 968 310 1022 haec
325 965 546 1037 cupias?
580 969 664 1028 Et,
687 969 780 1039 qui
803 968 991 1026 nolunt
1008 968 1240 1026 occidere
1256 986 1602 1043 quemquam,

174 1058 335 1115 posse
353 1041 553 1096 volunt.
610 1042 712 1099 Sed
733 1061 871 1115 quae
888 1043 1152 1116 praeclara
1167 1051 1221 1099 et
1236 1061 1485 1115 prospera
1504 1045 1655 1110 tanti,

175 1125 237 1172 ut
257 1116 419 1171 rebus
438 1115 585 1172 laetis
603 1135 698 1188 par
716 1118 786 1173 sit
805 1136 1054 1174 mensura
1069 1117 1333 1173 malorum
1344 1116 1373 1173 ‘t

176 1192 370 1256 liuius,
395 1192 491 1263 qui
510 1193 753 1257 trahitur,
775 1201 1097 1264 praetextam
1098 1210 1325 1274 pumera
1346 1193 1553 1248 mavis?

176 1285 245 1322 an
271 1266 593 1321 Fidenarum
615 1267 1013 1340 Gabiorumque
1030 1285 1147 1323 esse
1163 1275 1407 1339 potestas,
1704 1280 1781 1322 1⁰⁰

176 1349 227 1397 et
249 1341 320 1396 de
336 1358 586 1396 mensura
604 1342 690 1397 ius
709 1341 896 1407 dicere,
920 1360 1047 1398 vasa
1066 1343 1272 1398 minora

175 1416 438 1490 frangere,
461 1434 734 1488 pannosus
755 1418 935 1473 vacuis
954 1418 1139 1473 aedilis
1158 1416 1409 1474 Ulubris?

174 1492 321 1565 Ergo
338 1491 473 1563 quid
490 1492 778 1563 optandum
797 1491 943 1560 foret,
970 1494 1240 1568 ignorasse
1257 1492 1433 1550 fateris

176 1566 458 1623 Seianum:
501 1585 626 1623 nam
646 1568 739 1640 qui
762 1570 954 1624 nimios
972 1569 1184 1641 optabat
1201 1568 1424 1628 honores

175 1650 227 1697 et
244 1641 444 1697 nimias
459 1643 703 1713 poscebat
721 1661 863 1714 opes,
889 1659 1168 1702 numerosa
1187 1645 1405 1715 parabat
1705 1655 1782 1697 ωε

177 1716 415 1773 excelsae
432 1717 595 1770 turris
617 1716 862 1781 tabulata,
887 1718 1029 1772 unde
1046 1718 1199 1772 altior
1216 1725 1353 1772 esset

176 1809 331 1848 casus
355 1798 409 1844 et
432 1788 693 1859 impulsae
712 1805 954 1859 praeceps
976 1791 1208 1844 immane
1227 1791 1430 1844 ruinae.

175 1866 323 1935 Quid
342 1864 580 1925 Crassos,
603 1861 737 1934 quid
756 1863 1028 1933 Pompeios
1045 1862 1268 1918 evertit?
1304 1870 1355 1936 et
1372 1860 1545 1926 illum,

176 1942 245 1997 ad
266 1957 370 1996 sua
392 1937 487 2010 qui
506 1936 732 1992 domitos
752 1936 973 1992 deduxit
991 1935 1154 2010 flagra
1174 1934 1439 2003 Quirites?

175 2018 442 2073 Summus
461 2029 653 2084 nempe
671 2011 835 2077 locus,
860 2011 1006 2070 nulla
1023 2027 1130 2068 non
1150 2019 1258 2068 arte
1273 2012 1485 2085 petitu8‚
1707 2024 1784 2067 ¹1⁰

176 2106 484 2165 magnaque
501 2087 817 2144 numinibus
837 2096 956 2156 vota
974 2087 1220 2146 exaudita
1240 2086 1512 2163 malignis.

176 2166 262 2224 Ad
281 2181 540 2239 generum
561 2163 764 2220 Cereris
784 2164 900 2220 sine
918 2165 1079 2221 caede
1097 2170 1149 2220 et
1169 2163 1387 2222 vulnere
1405 2164 1560 2237 pauci

177 2239 505 2304 descendunt
522 2256 689 2314 reges,
714 2248 764 2296 et
781 2240 917 2296 sicca
941 2248 1106 2297 morte
1124 2241 1352 2316 tyranni.

253 2315 545 2387 Eloquium
566 2333 626 2370 ae
645 2314 840 2372 famam
859 2317 1225 2374 Demosthenis
1244 2323 1336 2372 aut
1360 2311 1625 2372 Ciceronis

180 2391 370 2462 incipit
387 2398 581 2462 optare,
604 2398 654 2445 et
671 2391 791 2447 totis
811 2391 1234 2464 Quinquatribus
1250 2397 1411 2463 optat,
1707 2399 1782 2441 115

178 2465 432 2539 quisquis
452 2465 626 2521 adhuc
643 2483 753 2520 uno
771 2474 971 2537 partam
991 2467 1116 2522 colit
1133 2483 1249 2521 asse
1265 2466 1574 2527 Minervam,

179 2558 347 2615 quem
364 2540 606 2612 sequitur
622 2547 800 2595 eustos
819 2549 1074 2614 angustae
1092 2539 1313 2595 vernula
1331 2553 1536 2609 capsae.

178 2615 411 2689 Eloquio
428 2614 523 2669 sed
541 2622 764 2686 uterque
783 2620 917 2685 perit
934 2623 1130 2669 orator:
1173 2620 1461 2685 utrumque

181 2691 368 2766 largus
386 2698 438 2744 et
455 2689 736 2745 exundans
755 2688 857 2745 leto
875 2689 1019 2744 dedit
1037 2688 1237 2761 ingenii
1257 2685 1395 2743 fons,

184 2767 408 2842 Ingenio
426 2781 619 2820 manus
642 2772 788 2821 estet
804 2766 985 2820 eervix
1004 2781 1153 2820 caesa
1169 2782 1180 2832 3
1224 2779 1321 2819 nec
1338 2779 1596 2833 umquam
1712 2769 1788 2810 12⁰
