2209 3217
60 3027 71 3138 ,---..

719 286 1006 334 8ΔΤῙΒΑ
1039 288 1127 333 lx.
1561 285 1655 335 {03

164 383 400 457 Appula,
423 390 498 439 tot
516 383 708 439 milvos
732 385 866 440 intra
888 392 976 441 tua
994 402 1189 458 pascua
1208 384 1406 442 lassos?
1716 400 1765 441 55

166 460 236 515 Te
256 458 551 514 Trifolinus
569 476 692 531 ager
708 458 947 515 fecundis
965 460 1166 516 vitibus
1184 459 1382 532 implet,

167 542 586 607 suspectumque
605 535 793 608 iugum
816 535 1025 608 Eumis,
1057 543 1110 590 et
1128 534 1340 591 Gaurus
1359 536 1550 593 inanis.

169 610 311 665 Nam
330 608 456 682 quis
474 607 628 681 plura
649 608 768 665 linit
791 611 993 666 victuro
1010 610 1151 666 dolia
1174 608 1389 666 musto?

170 682 444 752 Quantum
460 690 587 748 erat,
619 684 861 740 exhausti
881 685 1091 742 lumbos
1110 685 1308 740 donare
1323 684 1529 740 clientis

171 759 448 833 iugeribus
464 758 681 830 paucis?
715 759 973 816 Meliusne
989 760 1080 817 hio
1096 761 1327 816 rusticus
1347 758 1542 826 infans,
1715 773 1765 815 6⁰

170 849 297 889 cum
316 839 484 888 matre
500 841 551 888 et
568 834 761 889 casulis
787 842 972 890 etcum
993 834 1168 891 lusore
1187 834 1388 901 catello,

169 907 588 1055 &153³ssqu
591 908 1162 1055 sszffigfflsffstaffi
1166 909 1290 1040 ingl
1307 983 1492 1056 pensio
1511 983 1718 1039 clamat.

169 1058 327 1114 Posce
333 1078 354 1127 ;
391 1056 485 1113 sed
502 1057 725 1130 appellat
743 1075 876 1131 puer
900 1059 1111 1125 unicus,
1131 1065 1193 1115 ut
1208 1058 1521 1132 Polyphemi

171 1131 274 1188 lata
291 1132 447 1198 aoiae,
468 1149 562 1205 per
581 1150 744 1205 quam
761 1133 945 1189 sollers
965 1135 1132 1189 evasit
1157 1133 1358 1189 Ulixes.
1717 1144 1767 1187 65

170 1206 316 1262 Alter
332 1206 589 1262 emendus
609 1209 731 1276 erit3
773 1225 1005 1280 namque
1021 1208 1111 1262 hie
1133 1224 1240 1263 non
1258 1207 1478 1263 sufficit:
1520 1208 1677 1264 ambo

168 1281 436 1354 pascendi.
502 1281 642 1349 Quid
660 1291 817 1356 agant
833 1283 1023 1338 bruma
1043 1282 1309 1354 spirante?
1344 1282 1494 1355 quid,
1515 1300 1624 1348 oro,

172 1356 309 1430 quid
324 1355 497 1412 dicam
521 1357 752 1429 scapulis
770 1375 1056 1431 puerorum
1075 1357 1337 1430 Aquilone
1358 1359 1629 1414 Decembri

169 1439 218 1486 et
235 1431 464 1503 pedibus
475 1429 505 1486 ‘I
539 1433 739 1488 Durate
756 1443 912 1503 atque
928 1442 1222 1502 exspectato
1244 1438 1455 1490 cicadas
1466 1432 1498 1488 P

171 1508 391 1571 Verum,
411 1513 471 1562 ut
489 1506 810 1574 dissimules,
834 1517 894 1563 ut
910 1508 1085 1563 mittas
1101 1515 1285 1574 cetera,
1310 1517 1509 1581 quanto
1714 1520 1766 1561 το

171 1581 372 1637 metiris
391 1583 574 1654 preti0,
598 1584 761 1655 quod,
786 1584 842 1639 ni
868 1584 965 1639 tibi
991 1584 1200 1639 deditus
1219 1601 1389 1640 essem

171 1657 500 1728 devotusque
517 1657 698 1724 cliens,
722 1675 858 1714 uxor
881 1667 971 1713 tua
990 1660 1143 1731 virgo
1161 1657 1426 1713 maneret?

172 1732 283 1787 Scis
303 1739 460 1797 certe,
480 1732 680 1801 quibus
700 1733 797 1786 ista
817 1732 1007 1796 modis,
1029 1749 1195 1802 quam
1219 1747 1374 1800 saepe
1392 1731 1614 1803 rogaris,

172 1814 220 1862 et
241 1823 387 1880 quae
411 1803 696 1876 pollicitus.
755 1805 1066 1876 Fugientem
1085 1821 1240 1873 saepe
1258 1802 1491 1874 puellam

171 1881 429 1955 amplexu
454 1877 633 1948 rapui:
674 1876 882 1933 tabulas
900 1894 1115 1949 quoque
1132 1883 1359 1948 ruperat,
1388 1885 1439 1933 et
1457 1877 1564 1934 iam
1713 1889 1765 1931 75

171 1954 438 2032 signabat.
498 1953 622 2007 Tota
643 1953 737 2009 vix
756 1952 883 2007 haec
902 1968 1001 2025 ego
1021 1958 1167 2007 nocte
1186 1951 1399 2016 redemi,

170 2040 219 2088 te
241 2030 483 2104 plorante
500 2026 645 2083 foris.
710 2027 877 2082 Testis
895 2027 1030 2082 mihi
1057 2026 1276 2083 lectulus
1291 2034 1340 2083 et
1358 2034 1436 2092 tu,

171 2107 238 2162 ad
255 2123 417 2179 quem
438 2104 675 2176 pervenit
696 2102 810 2160 lecti
830 2121 995 2159 sonus
1012 2110 1062 2159 et
1080 2103 1324 2160 dominae
1345 2120 1469 2159 vox.

170 2179 419 2238 Instabile
436 2197 497 2235 ao
514 2178 693 2234 dirimi
711 2186 949 2251 coeptum
972 2185 1022 2234 et
1035 2179 1141 2234 iam
1160 2196 1323 2251 paene
1339 2178 1576 2233 solutum

172 2255 479 2330 coniugium
497 2255 554 2309 in
581 2254 763 2310 multis
781 2255 1029 2313 domibus
1047 2255 1279 2311 servavit
1300 2252 1530 2309 adulteri
1716 2262 1767 2307 80

172 2331 289 2399 Quo
304 2338 357 2386 te
372 2331 716 2403 circumagaS,
739 2347 877 2403 quae
892 2330 1064 2403 prima
1081 2336 1175 2385 aut
1192 2329 1379 2385 ultima
1404 2343 1595 2400 ponas3

173 2404 383 2462 nullum
402 2422 526 2475 ergo
544 2406 791 2460 meritum
809 2413 907 2469 est,
930 2405 1134 2478 ingrate
1151 2420 1211 2459 ao
1227 2402 1443 2474 perfide,
1474 2401 1703 2468 nullum,

172 2480 316 2555 quod
332 2480 429 2536 tibi
448 2478 663 2545 liliolus,
684 2478 832 2552 quod
849 2479 959 2535 fllia
978 2480 1211 2534 nascitur
1229 2494 1296 2533 ex
1320 2475 1442 2531 me?

174 2555 334 2613 Tollis
350 2555 513 2619 enim,
535 2561 586 2610 et
602 2554 753 2609 libris
771 2561 1004 2609 actorum
1023 2569 1269 2625 spargere
1290 2549 1489 2625 gaudes

175 2638 479 2706 argumenta
497 2629 617 2685 viri.
675 2628 901 2684 Foribus
919 2627 1185 2699 suspende
1200 2643 1443 2691 ooronas;
1714 2637 1765 2680 85

174 2707 276 2762 iam
295 2714 440 2778 pater
461 2722 549 2761 es:
578 2702 840 2769 dedimus,
854 2701 1445 2776 quodsamaeopponere
1452 2701 1650 2774 possis:

176 2782 283 2840 iura
304 2779 535 2855 parentis
554 2779 744 2851 hahes3
785 2784 997 2854 propter
1010 2796 1099 2835 me
1116 2777 1359 2836 scriberis
1377 2776 1556 2844 hores3
