2209 3217
383 2144 436 2187 1⁰

384 2514 437 2557 15

609 609 696 676 D.
758 610 1081 678 IUNII
1149 612 1833 680 IUVENALIS

1012 792 1436 845 AQUINATIS

845 951 1456 1027 SATIRA
1554 956 1610 1027 I.

470 1155 620 1196 ΑΒΘ.
639 1152 826 1205 Exponit
841 1158 959 1203 pom
977 1154 1027 1191 de
1045 1166 1102 1199 se,
1122 1152 1250 1204 deque
1268 1165 1341 1191 auo
1356 1152 1499 1194 satiras
1519 1151 1721 1193 scribendi
1734 1152 1923 1212 eon-ilio,
1935 1160 1978 1193 et

562 1215 752 1263 ostendit,
780 1217 930 1265 largam
943 1214 1064 1252 huius
1081 1213 1144 1252 rei
1163 1223 1184 1251 ι
1198 1216 1355 1254 coaevi·
1372 1217 1449 1256 sibi
1467 1217 1650 1268 praeberi
1671 1215 1902 1263 materien3
1928 1217 1977 1255 in

564 1279 649 1319 fine
662 1279 793 1324 addit,
812 1292 854 1316 ιο
870 1291 954 1317 non
969 1280 1017 1316 de
1034 1277 1159 1325 vivia,
1175 1279 1246 1317 sod
1261 1280 1311 1317 de
1328 1280 1498 1318 mortuis
1516 1292 1601 1318 cue
1619 1279 1881 1327 scripturum.
1963 1324 1974 1332 ‚

565 1383 794 1465 Semper
817 1409 915 1467 ego
941 1396 1149 1449 auditor
1175 1394 1418 1448 tantum?
1452 1409 1802 1467 nunquamne
1825 1410 1981 1465 repo-

885 1511 897 1524 .
1013 1503 1029 1518 .
1288 1484 1433 1533 nam,

488 1546 711 1595 vexams
736 1539 886 1595 toties
907 1540 1052 1594 rauci
1078 1539 1334 1595 Theseide
1351 1541 1546 1598 Codri?

488 1616 713 1684 Impune
729 1631 785 1668 er
822 1630 853 1669 o
871 1613 1005 1668 mihi
1024 1613 1314 1669 recitaverit
1331 1614 1421 1671 ille
1442 1623 1659 1690 togatas,

488 1688 577 1745 hic
594 1687 767 1761 elegos
840 1689 1061 1758 impune
1078 1687 1220 1742 diem
1239 1691 1588 1745 consumserit
1607 1690 1661 1744 in
1731 1706 1798 1745 ns

489 1762 768 1834 Telephus,
791 1769 883 1818 aut
899 1762 1099 1817 summi
1117 1762 1271 1833 plena
1288 1763 1396 1819 iam
1415 1765 1654 1837 margine
1693 1763 1797 1818 ibri

489 1837 715 1908 scriptus
737 1844 788 1891 et
807 1837 862 1892 in
883 1836 1273 1910 tergo‘necdum
1295 1837 1477 1893 finitus
1495 1835 1743 1894 Orestes?

567 1914 701 1967 Nota
720 1912 892 1984 magis
910 1910 1046 1966 nulli
1064 1910 1257 1966 domus
1275 1919 1482 1978 estana,
1498 1929 1660 1984 quam
1670 1911 1806 1966 mihi
1824 1910 1981 1967 lucus

492 1985 674 2043 Martis
692 1991 744 2038 et
763 1985 956 2038 Aeoliis
980 1985 1218 2040 vicinum
1242 1987 1468 2058 rupibus
1487 1995 1697 2041 antrum

493 2058 736 2114 Vulcani.
794 2057 935 2122 Quid
953 2065 1112 2130 agant
1127 2059 1288 2124 venti,
1312 2077 1448 2130 quas
1465 2068 1702 2142 torqueat
1720 2059 1940 2115 umbras

490 2133 711 2196 Aeacus,
738 2131 879 2187 unde
890 2130 1035 2186 'alius
1054 2130 1278 2187 furtivae
1296 2133 1517 2189 devehat
1531 2150 1724 2188 aurum

490 2205 782 2281 pelliculae,
803 2213 1029 2277 quantas
1048 2205 1304 2261 iaculetur
1319 2208 1613 2283 Monychus
1631 2223 1807 2273 ornos,
1882 2210 1889 2216 '

493 2280 774 2338 Frontonis
790 2279 988 2351 platani
1010 2280 1370 2353 convulsaque
1389 2298 1653 2337 marmora
1669 2281 1900 2336 clamant

494 2371 703 2426 semper
720 2361 770 2408 et
796 2353 1008 2410 assiduo
1027 2362 1212 2427 ruptae
1236 2355 1421 2411 lectore
1438 2355 1727 2411 columnae.

494 2430 778 2500 Exspectes
797 2427 978 2483 eadem
998 2446 1024 2485 a
1044 2446 1258 2485 summo
1275 2430 1605 2501 minimoque
1621 2428 1797 2502 poeta!

492 2504 561 2559 Et
578 2518 675 2556 nos
691 2519 818 2575 ergo
837 2520 1058 2557 manum
1077 2502 1272 2557 ferulae
1290 2504 1668 2568 subduximus,
1692 2511 1743 2558 et
1760 2518 1857 2558 nos

496 2574 776 2630 consilium
802 2575 1047 2631 dedimus
1067 2575 1262 2641 Sullae,
1285 2578 1524 2649 privatus
1541 2585 1604 2632 ut
1621 2576 1788 2632 altum

496 2647 768 2704 dormiret.
825 2647 992 2704 Stulta
1012 2657 1090 2705 est
1107 2649 1399 2716 clementia,
1422 2668 1593 2722 quum
1618 2657 1693 2705 tot
1709 2650 1916 2723 ubique

499 2721 712 2779 vatibus
735 2736 993 2789 occurras,
1014 2724 1277 2796 periturae
1294 2740 1504 2796 parcere
1520 2724 1749 2780 chartae.
