2209 3217
522 250 586 300 88
1040 253 1465 301 IUVENALIS

521 351 937 422 conspuiturque
958 353 1147 408 sinus.¹
1197 354 1412 418 Verum,
1450 351 1770 422 deprendere
1791 370 2030 409 messem

519 427 566 480 si
587 426 729 490 libet,
753 425 879 481 hinc
897 435 1107 481 centum
1130 428 1444 512 patrimonia
1462 426 1871 491 causidicorum,

520 507 667 571 parte
686 499 787 555 alia
807 500 981 556 solum
1003 502 1194 556 russati
1218 518 1351 571 pone
1369 502 1628 555 Lacertae.

415 585 492 628 115
523 574 816 630 Consedere
834 576 1030 630 Duces:
1072 576 1251 649 surgis
1271 582 1329 629 tu
1350 575 1582 646 pallidus
1599 575 1751 639 Aiax,

521 648 763 704 dicturus
786 648 951 704 dubia
969 665 1064 719 pro
1083 649 1333 713 libertate,
1362 649 1596 704 bubulco

525 723 720 779 iudice.
780 724 988 794 Rumpe
1004 723 1168 779 miser
1184 730 1394 777 tensum
1415 722 1576 788 iecur,
1600 730 1661 777 ut
1678 723 1773 777 tibi
1797 722 1942 780 lasso
1997 771 2002 775 ,

525 798 759 871 figantur
776 796 989 861 virides,
1013 797 1274 854 scalarum
1294 796 1480 871 gloria,
1507 797 1732 870 palmae.

525 871 678 938 Quod
697 871 840 927 vocis
858 871 1124 941 pretium?
1160 872 1341 927 Siccus
1361 870 1735 943 petasunculus
1753 879 1804 926 et
1824 890 1923 926 vas

416 956 494 1000 120
523 945 887 1032 pelamydum,
910 953 1002 1000 aut
1028 953 1249 1012 veteres,
1267 946 1514 1001 Afrorum
1533 946 1814 1016 epimenia,
1845 947 2022 1011 bulbi,

526 1028 617 1076 aut
637 1021 823 1076 vinum
844 1020 1017 1075 Tiberi
1036 1020 1331 1098 devectum,
1354 1020 1596 1093 quinque
1621 1019 1858 1093 lagenae.

524 1095 581 1150 Si
599 1103 782 1167 quater
802 1095 973 1169 egisti,
977 1093 1051 1155 „si
1067 1096 1287 1169 contigit
1302 1112 1494 1151 aureus
1514 1111 1675 1158 unus,

524 1170 650 1224 inde
668 1169 864 1224 cadunt
887 1178 1059 1241 partes
1078 1187 1145 1226 ex
1165 1170 1366 1225 foedere
1384 1168 1846 1241 pragmaticorum.

525 1242 749 1299 Aemilio
766 1244 995 1310 dabitur,
1017 1253 1280 1317 quantum
1307 1235 1440 1309 licet,
1463 1251 1513 1297 et
1531 1242 1723 1297 melius
1744 1260 1842 1298 nos

417 1328 496 1371 125
524 1319 760 1390 egimus:
803 1318 966 1373 huius
985 1320 1129 1373 enim
1149 1327 1251 1373 stat
1267 1336 1455 1373 currus
1475 1320 1684 1381 aeneuS,
1706 1316 1798 1371 alti

525 1391 902 1463 quadriiuges
886 1409 943 1446 m
968 1393 1261 1456 vaetibuliS,
1284 1401 1442 1464 atque
1461 1394 1572 1464 ipse
1591 1392 1766 1447 feroci

525 1464 774 1520 bellatore
791 1464 997 1528 sedens
1018 1474 1296 1521 curvatum
1318 1466 1506 1521 hastile
1526 1467 1758 1522 minatur

525 1538 754 1603 eminus,
775 1546 826 1592 et
841 1545 1008 1593 statua
1029 1539 1313 1594 meditatur
1333 1540 1527 1610 proelia
1548 1541 1707 1596 lusca.

527 1614 613 1669 Sic
630 1613 769 1668 Pedo
787 1613 1080 1678 conturbat,
1105 1615 1281 1669 Matho
1297 1615 1496 1670 deficit:
1535 1618 1714 1672 exitus
1733 1614 1821 1670 hic
1838 1626 1921 1669 est

420 1699 500 1743 130
530 1687 775 1774 Tongilii,
799 1706 992 1763 magno
1006 1706 1135 1744 cum
1155 1689 1477 1745 rhinocerote
1496 1690 1661 1746 lavari

527 1763 623 1837 qui
642 1763 772 1818 solet
813 1771 864 1818 et
884 1771 1038 1820 vexat
1056 1763 1313 1820 lutulenta
1332 1766 1516 1820 balnea
1534 1766 1706 1828 turba,

526 1849 726 1911 perque
743 1838 952 1894 forum
934 1856 1155 1895 iuvenes
1172 1839 1330 1914 longo
1354 1841 1545 1911 premit
1568 1856 1755 1901 assere,
1779 1838 1965 1894 Medos

526 1922 766 1969 emturus
786 1930 991 1985 pueros,
1015 1924 1308 1989 argentum,
1332 1915 1625 1979 mirrhina,
1647 1912 1821 1968 villas·

529 1987 761 2058 Spondet
787 1988 929 2042 enim
933 1990 1111 2075 ‘Tyrio
1123 1990 1351 2045 stlataria
1372 2006 1607 2060 purpura
1634 1988 1738 2042 filo.

421 2071 500 2115 135
527 2062 594 2116 Et
619 2069 793 2115 tamen
813 2062 945 2117 hoc
930 2064 1062 2134 ipsis
1083 2072 1163 2119 est
1182 2063 1335 2119 utile:
1377 2079 1613 2133 purpura
1632 2060 1812 2116 vendit

528 2135 873 2201 causidicum,
897 2138 1136 2194 vendunt
1142 2137 1531 2225 amethystina.
1569 2134 1815 2188 convenit
1834 2134 1965 2201 illis,

527 2218 577 2264 et
593 2210 813 2282 strepitu
831 2219 882 2266 et
901 2211 1030 2267 facie
1049 2212 1262 2267 maioris
1281 2210 1458 2266 vivere
1475 2225 1686 2263 census·

527 2283 630 2339 Sed
648 2285 807 2341 finem
827 2286 1095 2357 impensae
1118 2302 1223 2340 non
1240 2290 1413 2356 servat
1430 2283 1648 2357 prodiga
1672 2284 1863 2338 Roma:

530 2359 598 2414 Ut
617 2359 827 2415 redeant
845 2368 1069 2414 veteres:
1115 2358 1351 2415 Ciceroni
1372 2375 1527 2413 nemo
1542 2357 1797 2414 ducentos

424 2439 504 2487 140
533 2451 679 2489 nunc
697 2434 898 2490 dederit
915 2449 1127 2496 numm,
1152 2433 1256 2488 nisi
1273 2431 1477 2489 fulserit
1493 2434 1763 2490 annulus
1748 2450 1952 2520 ingens,

527 2507 760 2579 Respicit
777 2507 878 2563 hoc
899 2509 1154 2595 primum,
1175 2508 1271 2581 qui
1290 2508 1479 2596 litigat,
1502 2527 1569 2565 an
1590 2510 1684 2564 tibi
1706 2509 1845 2564 servi

528 2590 660 2646 octo,
684 2582 862 2637 decem
882 2584 1117 2650 comites,
1141 2591 1329 2656 postte
1345 2603 1412 2640 an
1431 2585 1501 2639 sit
1516 2584 1663 2646 sella,
1684 2585 1843 2657 togati

534 2662 653 2709 ante
670 2655 849 2724 pedes.
913 2657 1035 2713 Ideo
1052 2658 1309 2715 conducta
1328 2658 1525 2715 Paulus
1543 2660 1729 2733 agebat

531 2727 873 2801 sardonyche,
887 2738 1045 2801 atque
1064 2733 1183 2788 ideo
1197 2733 1387 2804 pluris,
1411 2734 1801 2805 quamCossus,
1816 2732 1998 2806 agebat
