2209 3217
765 265 1054 311 SATIRA
1085 267 1173 312 VI.
1645 260 1711 314 73

222 362 435 420 nullum
452 362 656 417 crimen
674 361 822 417 abest
837 362 1154 433 facinusque
1165 362 1421 432 libidinis,
1443 383 1511 421 ex
1529 382 1640 438 quo

220 444 502 510 paupertas
519 438 754 491 Romana
772 441 926 508 pertt.
984 436 1121 490 Hinc
1144 434 1296 489 fluxit
1321 438 1387 490 ad
1402 440 1527 493 istos
1744 450 1819 493 295

221 520 274 567 et
293 511 513 585 Sybaris
530 508 708 577 colles,
732 510 858 565 hinc
874 518 924 565 et
942 509 1155 565 Rhodos
1174 516 1225 564 et
1239 508 1442 564 Miletos

222 594 383 657 atque
400 591 706 640 coronatum
726 584 970 656 petulans
986 584 1374 655 madidumque
1392 584 1686 641 Tarentum.

223 659 400 714 Prima
420 659 722 732 peregrinos
738 660 993 715 obscoena
1008 659 1231 730 pecunia
1251 674 1426 713 mores

225 733 425 799 intulit,
449 739 502 787 et
525 733 665 804 turpi
683 732 952 806 fregerunt
969 733 1176 789 saecula
1194 732 1331 788 luxu

223 806 445 862 divitiae
465 806 666 863 molles.
725 807 866 874 Quid
885 807 1027 862 onim
1046 808 1227 864 Venus
1246 806 1390 862 ebria
1413 804 1599 860 curat?
1747 816 1824 858 300

227 880 473 954 Inguinis
489 887 539 935 et
555 881 740 952 capitis
757 898 896 953 quae
915 882 1023 936 sint
1038 881 1363 946 discrimina,
1387 879 1571 942 nescit,

224 954 451 1029 grandia
469 970 605 1026 quae
621 955 812 1010 mediis
832 956 937 1010 iam
958 956 1202 1011 noctibus
1220 964 1386 1010 ostrea
1406 953 1628 1017 mordet,

225 1045 403 1101 quum
422 1028 630 1100 perfusa
646 1046 794 1085 mero
810 1036 1061 1103 spumant
1084 1037 1354 1103 unguenta
1376 1027 1617 1089 Falerno,

225 1119 403 1175 quum
422 1102 622 1158 bibitur
642 1104 855 1169 concha,
875 1121 1046 1177 quum
1072 1105 1181 1159 iam
1201 1103 1458 1176 vertigine
1476 1109 1668 1157 tectum

227 1175 487 1242 ambulat,
511 1185 562 1232 et
577 1179 806 1251 geminis
823 1179 1061 1251 exsurgit
1078 1195 1261 1233 mensa
1281 1177 1531 1233 lucernis·
1749 1185 1827 1228 305

226 1252 252 1306 1
272 1268 421 1306 nunc
436 1257 487 1306 et
505 1252 708 1318 dubita.
732 1270 839 1324 qua
863 1253 1069 1308 sorbeat
1086 1269 1204 1307 aera
1223 1270 1389 1308 sanna

226 1327 433 1390 Maura,
461 1325 750 1382 Pudicitiae
766 1334 988 1382 veterem
1007 1343 1179 1399 quum
1199 1326 1440 1398 praeterit
1458 1342 1630 1392 aram3

229 1399 408 1454 Tullia
428 1401 560 1473 quid
583 1401 721 1456 dicat
743 1409 895 1457 notae
916 1400 1156 1457 collactea
1176 1402 1405 1457 Maurae.

227 1474 485 1530 Noctibus
504 1475 592 1530 hic
606 1484 810 1548 ponunt
828 1476 1049 1542 lecticas,
1077 1476 1387 1532 micturiunt
1405 1476 1491 1531 hic

228 1547 571 1623 effigiemque
590 1551 723 1606 Deae
734 1550 904 1626 longis
920 1551 1238 1624 siphonibus
1259 1550 1498 1624 implent,
1750 1565 1828 1609 3¹0

228 1624 566 1753 saxam
573 1626 808 1753 zuis?
821 1626 1493 1755 ³5.¹¹;312.‘2⁸‘?.3222¹3²¹.3·

227 1787 1516 1913 Quffiffltamssffiffssffllffiffioe

227 1921 438 1981 incitat,
462 1924 513 1972 et
531 1932 695 1971 cornu
713 1917 903 1987 pariter
922 1915 1154 1987 vinoque
1169 1916 1409 1972 feruntur
1753 1933 1831 1978 315

229 1993 497 2057 attonitae,
516 1991 824 2062 crinemque
839 1997 1011 2047 rotant
1024 1990 1338 2064 ululantque
1356 1994 1530 2068 Priapi

228 2067 533 2125 Maenades.
590 2065 636 2122 O
659 2073 891 2138 quantus
908 2073 1036 2122 tunc
1053 2066 1161 2122 illis
1184 2068 1451 2125 mentibus
1469 2070 1624 2126 ardor

230 2142 575 2198 concubitus!
616 2158 754 2213 quae
774 2159 876 2214 vox
894 2140 1115 2199 saltante
1132 2142 1378 2198 libidine!
1418 2152 1653 2216 quantus

233 2217 327 2272 ine
346 2217 480 2276 meri
496 2216 684 2273 veteris
703 2234 796 2289 per
812 2235 966 2273 crura
984 2218 1246 2276 madentia
1262 2220 1491 2274 torrens!

234 2293 513 2347 Lenonum
533 2290 749 2346 ancillas
767 2292 936 2364 posita
953 2291 1188 2348 Laufella
1206 2309 1394 2347 corona
1753 2305 1831 2349 320

234 2373 502 2439 provocat,
522 2371 577 2421 et
596 2365 730 2421 tollit
746 2366 1023 2438 pendentis
1040 2366 1274 2438 praemia
1292 2382 1466 2422 coxae.

236 2442 358 2512 Ipsa
377 2439 693 2497 Medullinae
708 2439 919 2496 frictum
940 2440 1213 2496 crissantis
1231 2439 1437 2494 adorat:

237 2513 473 2587 palmam
494 2513 629 2569 inter
650 2513 895 2570 dominas
917 2514 1086 2569 virtus
1105 2512 1373 2569 natalibus
1393 2521 1595 2583 aequat.

239 2589 328 2644 Nil
350 2588 425 2644 ibi
449 2605 542 2661 per
560 2587 750 2642 ludum
770 2585 1135 2642 simulabitur:
1176 2585 1353 2641 omnia
1375 2585 1516 2640 fient‘

240 2663 308 2718 ad
327 2681 535 2728 verum,
557 2661 759 2732 quibus
782 2658 989 2716 incendi
1010 2659 1117 2714 iam
1136 2657 1363 2733 frigidus
1381 2676 1511 2715 aevo
1759 2668 1838 2709 325

238 2735 704 2795 Laomedontiades
722 2741 775 2791 et
789 2733 1022 2791 Nestoris
1043 2733 1227 2792 hernia
1244 2733 1429 2806 possit.
