2209 3217
465 368 517 412 50

465 739 515 782 55

467 1110 518 1154 60

473 1481 524 1524 65

469 1852 522 1895 70

574 253 641 308 34
1089 253 1539 306 IUVENALIS'

573 357 745 423 iratis;
789 364 842 411 at
867 364 921 412 tu
944 356 1134 414 victrix
1152 358 1421 429 provincia
1439 355 1649 429 ploras?

650 432 786 486 Haec
803 447 902 504 ego
920 448 1026 490 non
1046 432 1257 487 credam
1278 433 1548 488 Venusina
1567 430 1729 504 digna
1752 429 2006 486 lucerna?

572 504 701 560 haec
718 521 815 578 ego
836 523 942 561 non
962 505 1192 579 agitem?
1227 506 1330 561 Sed
1357 505 1491 576 quid
1512 506 1683 579 magis
1701 504 1995 571 Heracleas,

574 588 666 634 aut
685 580 1010 642 Diomedeas,
1035 588 1129 635 aut
1152 580 1418 653 mugitum
1440 579 1771 653 Labyrinthi,

575 661 626 708 et
651 670 796 709 mare
821 670 1131 725 percussum
1156 670 1339 725 puero,
1359 652 1680 728 fabrumque
1696 653 2004 709 volantem?

571 726 750 794 Quum
772 725 891 783 leno
915 728 1132 797 accipiat
1151 727 1353 784 moechi
1372 728 1529 793 bona,
1554 729 1600 782 si
1620 727 1861 799 capiendi

575 803 659 858 ius
679 801 891 857 nullum
906 801 1086 864 uxori,
1111 801 1294 857 doctus
1313 809 1545 873 spectare
1564 801 1797 867 lacunar,
1883 801 1890 802 ’

578 876 762 934 doctus
785 875 923 930 etad
941 874 1156 931 calicem
1176 876 1417 950 vigilanti
1438 883 1649 931 stertere
1667 893 1823 944 naso;

578 965 749 1023 quum
769 949 848 1005 sas
867 967 983 1005 esse
1001 959 1150 1021 putet
1166 968 1350 1006 curam
1369 967 1579 1021 sperare
1595 949 1841 1014 cohortis,

575 1025 670 1097 qui
690 1025 828 1080 bona
847 1024 1063 1081 donavit
1080 1024 1425 1097 praesepibus
1443 1032 1494 1079 et
1511 1033 1650 1080 caret
1674 1024 1821 1080 omni

574 1100 836 1155 maiorum
853 1115 1037 1164 censu,
1061 1099 1194 1155 dum
1213 1098 1447 1171 pervolat
1464 1115 1564 1154 axe
1580 1099 1733 1154 citato

575 1173 920 1240 Flaminiam;
960 1173 1111 1246 (puer
1129 1173 1459 1229 Automedon
1478 1189 1604 1228 nam
1626 1173 1734 1228 lora
1755 1176 1987 1240 tenebat,

577 1247 690 1318 ipse
708 1247 995 1303 lacernatae
1012 1265 1183 1320 quum
1204 1266 1263 1304 se
1281 1249 1489 1303 iactaret
1505 1247 1721 1321 amicae)

575 1338 750 1377 nonne
774 1321 901 1377 libet
918 1322 1093 1377 medio
1112 1340 1257 1378 ceras
1278 1320 1496 1394 implere
1517 1339 1732 1394 capaces

576 1394 895 1467 quadrivio?
931 1414 1102 1467 quum
1123 1397 1231 1451 iam
1249 1404 1398 1452 sexta
1416 1398 1614 1452 cervice
1632 1396 1827 1452 seratur
1901 1431 1906 1436 -

580 1469 710 1524 hinc
729 1478 887 1541 atque
906 1470 1029 1524 inde
1054 1479 1239 1541 patens
1259 1487 1319 1526 ac
1337 1471 1480 1526 nuda
1499 1488 1664 1543 paene
1681 1470 1927 1527 cathedra

530 1556 539 1562 ·
575 1552 626 1599 et
643 1542 875 1598 multum
894 1543 1122 1601 referens
1140 1543 1207 1600 de
1224 1546 1515 1603 Maecenate
1535 1546 1727 1617 supino

574 1619 826 1692 signator,
852 1617 983 1674 falso
1002 1620 1097 1691 qui
1125 1637 1184 1675 se
1208 1619 1412 1675 lautum
1434 1628 1591 1692 atque
1610 1620 1825 1675 beatum

576 1693 784 1766 exiguis
803 1692 997 1749 tabulis
1021 1702 1071 1750 et
1089 1711 1304 1768 gemma
1322 1694 1509 1750 fecerat
1527 1693 1670 1749 uda?

581 1765 820 1823 Occurrit
837 1776 1074 1824 matrona
1094 1777 1297 1840 potens,
1328 1786 1481 1841 quae,
1510 1768 1668 1824 molle
1686 1767 1947 1825 Calenum

576 1850 894 1914 porrectura,
917 1843 1031 1898 viro
1052 1845 1235 1899 miscet
1250 1845 1457 1899 sitiente
1475 1842 1733 1907 rubetam,

578 1916 911 1987 instituitque
935 1918 1092 1973 rudes
1114 1919 1300 1974 melior
1316 1920 1539 1973 Locusta
1560 1917 1887 1988 propinquas

578 2007 671 2062 per
691 1989 884 2045 famam
902 1999 954 2046 et
973 1991 1232 2063 populum
1253 1992 1434 2065 nigros
1451 1992 1630 2047 efferre
1649 1993 1884 2046 maritoS.

655 2063 806 2119 Aude
823 2063 1029 2134 aliquid
1047 2067 1301 2121 brevibus
1320 2067 1514 2140 Gyaris
1533 2074 1584 2122 et
1601 2082 1804 2121 carcere
1821 2064 2077 2139 dignum,

581 2139 627 2192 si
649 2138 732 2191 vis
751 2155 867 2192 esse
885 2139 1107 2209 aliquis:
1151 2141 1386 2212 probitas
1407 2140 1652 2197 laudatur
1669 2147 1722 2195 et
1743 2139 1888 2213 alget
1908 2161 1920 2195 :

500 2224 524 2265 5
578 2211 894 2270 criminibus
912 2212 1105 2270 debent
1127 2214 1324 2283 hortos,
1346 2222 1619 2287 praetoria,
1646 2231 1875 2278 mensae,

581 2294 858 2360 argentum
880 2295 1030 2343 vetus
1049 2296 1099 2344 et
1122 2297 1347 2345 stantem
1366 2298 1511 2345 extra
1528 2288 1716 2361 pocula
1734 2304 1977 2359 caprum.

578 2360 752 2428 Quem
769 2361 965 2433 patitur
983 2362 1213 2419 dormire
1234 2380 1404 2419 nurus
1422 2371 1688 2435 corruptor
1709 2378 1916 2427 avarae,

583 2452 744 2508 quem
765 2453 991 2507 sponsae
1009 2445 1190 2509 turpes
1209 2445 1266 2491 et
1289 2445 1641 2508 praetextatus
1664 2433 1907 2492 adulter?

583 2509 638 2564 Si
660 2517 843 2565 natura
870 2519 1042 2583 negat,
1065 2511 1189 2566 facit
1210 2510 1503 2585 indignatio
1522 2525 1755 2575 versum,

479 2593 529 2635 80
586 2583 1010 2655 qualemcunque
1028 2593 1216 2657 potest,
1245 2585 1430 2657 'quales
1514 2603 1547 2641 o
1569 2585 1655 2640 vel
1676 2584 1990 2641 Cluvienus.

663 2658 748 2711 Ex
767 2672 877 2727 quo
894 2657 1193 2723 Deucalion,
1217 2659 1418 2714 nimbis
1436 2668 1490 2715 to
1510 2659 1741 2715 lentibus
1760 2675 1979 2730 aequor,

586 2730 800 2804 navigio
821 2739 1052 2788 montem
1070 2732 1305 2789 ascendit
1322 2742 1593 2807 sortesque
1611 2733 1867 2806 poposcit,
