2209 3217
497 1046 547 1088 10

496 1642 546 1684 15

494 2009 545 2051 20

607 261 639 310 6
1154 267 1216 313 Α.
1262 265 1521 312 PERsn

609 364 701 419 Vel
712 364 835 430 duo,
853 364 933 419 vel
949 381 1121 421 nemo.
1137 396 1211 407 —
1225 367 1391 434 Turpe
1400 364 1854 420 etmiserabilel—
1873 361 2084 430 Quare?

605 456 673 493 ne
695 440 828 494 mihi
855 439 943 495 Pol
985 440 1168 494 damas
1187 447 1238 494 et
1256 439 1501 494 Troiades
1521 440 1814 493 Labeonem

602 513 939 586 praetulerint
997 545 1071 556 —
1116 516 1325 588 Nugae!
1348 541 1423 556 ——
1465 515 1607 578 Non,
1638 513 1684 568 si
1711 512 1842 585 quid
1872 512 2090 568 turbida*
2193 535 2196 548 ¹

604 660 784 722 elevet.
810 662 1035 727 awdas,
1064 679 1392 734 examenque
1402 588 1710 734 likssglrzbum
1731 661 1786 716 in
1810 659 1898 715 illa

603 738 823 811 castiges
842 738 1054 797 trutina,
1076 753 1171 791 nec
1188 744 1239 791 te
1255 738 1578 809 quaesiveris
1598 745 1761 791 extra.

602 813 738 867 Nam
756 813 949 867 Romae
965 811 1087 883 quis
1108 828 1213 866 non
1235 841 1309 852 —
1324 810 1353 865 ⁴?
1368 842 1443 939 -ῖ
1461 812 1527 866 ah
1547 811 1593 865 si
1612 810 1689 865 fas
1708 809 1878 872 dicere
1892 841 1968 852 —
1986 811 2082 866 sed

605 969 747 1026 tunc,
769 976 939 1031 quum
958 958 1024 1014 ad
1033 959 1276 1014 canitiem
1289 949 1338 1014 et
1348 903 1585 1015 noffrum
1596 959 1739 1015 istud
1748 959 2082 1016 viveretriste

602 1034 836 1107 adspexi,
859 1043 909 1089 et
928 1034 1153 1090 nucibus
1173 1033 1394 1090 facimus
1414 1051 1774 1108 quaecumque
1792 1032 2000 1099 relictis,

601 1127 773 1181 quum
809 1109 1045 1181 sapimus
1073 1116 1313 1182 patruos:
1361 1118 1504 1172 tunc,
1539 1117 1682 1174 tunc,
1715 1109 1982 1182 ignoscite.
2003 1139 2082 1151 —

602 1257 743 1325 Quid
771 1256 1082 1313 faciam?—
1107 1257 1210 1313 Sed
1233 1275 1352 1314 sum
1379 1184 1631 1331 plgffianti
1659 1254 1840 1330 splene
1866 1257 2082 1314 cachin-

674 1406 965 1462 Scribimus
986 1405 1176 1461 inclusi
1197 1350 1583 1473 numercssoill-J,
1593 1406 1682 1461 hic
1699 1404 1829 1478 pede
1848 1405 1998 1470 liber.

602 1480 800 1556 grande
825 1480 1044 1554 aliquid,
1076 1482 1221 1555 quod
1236 1481 1433 1613 pulmcl)1
1439 1483 1642 1612 alnssmae
1658 1480 1963 1556 praelargus
1982 1500 2081 1540 an-

601 1629 805 1686 Scilicet
821 1629 949 1685 haec
966 1630 1179 1702 populo,
1202 1648 1371 1704 pexus
1412 1575 1718 1706 uzzogaque
1736 1633 1945 1697 recenti,

602 1712 653 1759 et
670 1704 900 1761 natalitia
919 1705 1129 1760 tandem
1147 1723 1271 1762 cum
1290 1726 1377 1763 sar
1412 1708 1615 1782 onyche
1632 1706 1802 1771 albuS,

599 1774 720 1829 sede
744 1772 885 1848 leges
904 1775 1057 1841 celsa,
1084 1775 1287 1849 liquido
1305 1793 1475 1849 quum
1493 1775 1743 1847 plasmate
1758 1784 1942 1850 guttur

599 1847 792 1904 mobile
809 1849 1069 1917 collueriS,
1099 1852 1325 1923 patranti
1350 1850 1542 1906 fractus
1560 1849 1741 1905 ocello,

598 1923 692 1977 Hic
709 1940 887 1995 neque
905 1943 1050 1981 more
1070 1927 1234 1998 probo
1258 1926 1437 1981 videas
1457 1942 1628 1996 neque
1645 1941 1771 1980 voce
1789 1941 1969 1979 serena

602 1997 836 2070 ingentes
855 1996 1110 2067 trepidare
1132 1998 1292 2061 Titos,
1316 2013 1486 2068 quum
1504 1995 1662 2050 carmi
1671 2012 1733 2049 na
1756 1993 2003 2049 lumbum

600 2072 809 2135 intrant,
832 2077 883 2125 et
898 2070 1122 2126 tremulo
1140 2070 1446 2142 scalpuntur
1469 2069 1562 2124 ubi
1582 2068 1765 2123 intima
1784 2085 1957 2124 versu.

600 2147 736 2209 Tun,
768 2145 958 2210 vetule,
986 2143 1239 2200 auriculis
1257 2144 1441 2198 alienis
1458 2143 1661 2216 colligis
1684 2160 1847 2209 escas,
1995 2189 1998 2192 Α

601 2219 868 2284 auriculis»,
893 2220 1091 2290 quibus
1110 2226 1160 2273 et
1176 2218 1319 2273 dicas
1337 2218 1722 2289 cuteperditus:
1744 2217 1845 2273 ohe
1858 2216 2079 2271 1—‘3—

564 2344 571 2350 .
604 2295 742 2360 Quid
758 2298 1013 2357 didicisse,
1035 2297 1142 2348 nisi
1157 2296 1252 2347 hoc
1267 2299 1568 2364 fermentum
1576 2302 1626 2348 et
1633 2311 1765 2363 quae
1774 2295 1928 2347 semel
1939 2298 2081 2348 intus

521 2382 544 2423 5
597 2375 783 2424 innata
800 2378 891 2431 est,
914 2376 1068 2436 rupto
1083 2372 1458 2428 iecoreleoeimt
1476 2366 1790 2437 caprificus?
1807 2397 1882 2408 —

599 2444 680 2498 En
702 2441 870 2514 pallor
886 2441 1226 2515 seniumque!
1250 2473 1325 2484 —
1344 2441 1390 2497 O
1412 2442 1610 2517 mores!
1650 2442 1828 2513 Usque
1847 2440 2048 2497 adeone

601 2518 733 2571 scire
748 2523 903 2571 tuum
923 2515 1056 2571 nihil
1076 2524 1173 2582 est,
1194 2516 1316 2582 nisi,
1340 2524 1390 2572 te
1410 2516 1543 2572 scire
1558 2516 1674 2582 hoc,
1697 2517 1825 2571 sciat
1834 2516 2083 2571 alter?—

675 2591 742 2645 At
759 2593 1034 2658 pulchrum
1059 2601 1152 2658 est,
1186 2597 1349 2662 diqito
1365 2596 1672 2655 monstrari,
1693 2600 1742 2646 et
1765 2595 1949 2649 dicier.
1981 2592 2082 2646 Hic

608 2739 723 2793 Ten*
743 2742 1056 2797 cirratorum
1078 2750 1277 2799 centum
1300 2668 1499 2797 ἀίσεῗιδῑιιί
1520 2745 1679 2812 fuisse
