2209 3217
560 284 656 337 436
1078 288 1503 337 IUVENALIS

556 389 807 462 quisnam
839 386 1123 444 hominum
1142 397 1237 454 est,
1261 406 1421 462 quem
1440 396 1502 443 tu
1524 391 1832 445 contentum
1851 389 2060 448 videris

1363 480 1475 518 uno

555 536 789 611 flagitio?
823 537 979 592 Dabit
994 539 1052 593 in
1071 537 1321 609 laqueum
1345 538 1564 610 vestigia
1582 545 1757 593 noster

447 620 527 667 245
555 612 810 685 perfiduS,
834 620 885 667 et
903 613 1043 686 nigri
1061 613 1288 684 patietur
1308 611 1528 667 carceris
1547 629 1749 668 uncum

561 695 653 742 aut
671 688 836 742 maris
855 687 1044 761 Aegaei
1064 704 1252 759 rupem
1272 686 1624 759 scopulosque
1640 687 1943 760 frequentes

558 762 838 818 exsulibus
856 762 1088 834 magnis,
1152 762 1318 816 Poena
1382 761 1603 817 audebis
1621 779 1803 819 amara

561 837 795 893 nominis
812 836 992 902 invisi,
1015 779 1576 909 tandemqueffatebere
1594 836 1781 902 laetuS,

563 929 659 967 nec
683 910 911 967 surdum
940 928 1036 967 nec
1055 912 1310 967 Tiresiam
1329 928 1656 985 quemquam
1674 928 1792 967 esse
1809 911 2053 968 deorum.

927 1145 1406 1204 SATIRA
1494 1146 1677 1204 XIV.

560 1293 710 1332 ABG.
734 1293 801 1331 De
825 1305 952 1343 prava
978 1292 1061 1344 agit
1084 1292 1306 1332 liberorum
1330 1293 1583 1336 edne-tione,
1610 1305 1688 1344 qna
1706 1292 1772 1331 ini
1790 1293 1862 1332 vel
1880 1293 1932 1332 ad
1948 1289 2059 1332 lubi-

655 1356 772 1394 dine·
797 1363 1008 1405 parentum
1033 1358 1235 1406 exemplo,
1260 1359 1327 1395 vel
1345 1359 1397 1395 ad
1413 1357 1624 1396 avaritiam
1646 1368 1841 1395 summam
1858 1355 2060 1397 inducan-

653 1425 738 1463 tur,
760 1418 875 1456 euin·
893 1419 1065 1456 foeditas
1083 1427 1125 1457 ct
1141 1418 1318 1457 stultitia
1338 1420 1500 1458 uberius
1518 1419 1764 1469 depingitur.

635 1498 879 1561 Plurima
898 1512 1042 1566 sunt,
1072 1506 1317 1571 Fuscine,
1341 1515 1394 1561 et
1409 1507 1550 1562 fama
1569 1508 1731 1583 digna
1752 1509 1988 1579 sinistra,

562 1589 612 1638 et
629 1580 810 1636 nitidis
831 1577 1091 1634 maculam
1112 1595 1172 1633 ac
1188 1596 1378 1652 rugam
1395 1581 1611 1653 figentia
1631 1584 1813 1652 rebus,

564 1673 701 1729 quae
718 1660 1010 1710 monstrant
1031 1654 1134 1726 ipsi
1154 1654 1333 1725 pueris
1352 1656 1673 1727 traduntque
1691 1667 1950 1730 parentes.

566 1733 623 1787 Si
642 1731 896 1786 damnosa
915 1746 1094 1784 senem
1113 1731 1264 1785 iuvat
1280 1730 1410 1796 aiea,
1435 1729 1574 1786 ludit
1591 1739 1642 1787 et
1661 1733 1812 1788 heres

454 1819 478 1861 5
560 1805 814 1870 bullatae,
838 1821 1111 1878 parvoque
1127 1805 1310 1860 eadem
1333 1815 1508 1861 movet
1531 1825 1677 1862 arma
1699 1807 1904 1866 fritillo.

562 1883 670 1936 Nec
686 1880 753 1935 de
770 1897 828 1935 se
847 1879 1039 1935 melius
1054 1880 1307 1951 cuiquam
1327 1875 1537 1952 sperare
1553 1883 1855 1954 propinquo

560 1954 797 2012 coneedit
816 1954 1040 2022 invenie,
1066 1954 1163 2025 qui
1181 1956 1361 2011 radere
1379 1956 1562 2011 tubera
1581 1964 1763 2023 terrae,

562 2031 793 2087 boletum
813 2028 1043 2095 condire,
1064 2037 1116 2083 et
1135 2030 1317 2085 eodem
1339 2030 1451 2085 iure
1470 2029 1704 2085 natantes

561 2121 797 2178 mergere
816 2103 1066 2158 ficedulas
1091 2103 1292 2170 didicit,
1315 2104 1576 2159 nebulone
1591 2110 1807 2173 parente

456 2192 508 2235 ¹⁰
562 2187 613 2236 et
628 2196 759 2234 cana
778 2185 1104 2234 monstrante
1120 2178 1261 2252 gula.
1321 2177 1500 2243 Quum
1519 2176 1778 2246 septimus
1795 2194 1980 2239 annus

561 2254 827 2309 transierit
843 2270 1023 2325 puero,
1048 2252 1284 2307 nondum
1310 2251 1457 2305 omni
1476 2251 1630 2305 dente
1647 2260 1848 2320 renato,

561 2328 807 2384 barbatos
832 2328 950 2384 licet
968 2328 1248 2383 admoveas
1266 2324 1414 2381 mille
1433 2326 1557 2380 inde
1573 2327 1878 2399 magistros,

560 2403 689 2458 hinc
708 2403 941 2468 totidem,
965 2402 1141 2474 cupiet
1158 2401 1301 2456 lauto
1317 2418 1533 2457 coenare
1551 2412 1739 2473 paratu

561 2493 789 2548 semper,
810 2484 862 2532 et
880 2494 909 2532 a
929 2493 1123 2550 magna
1145 2492 1250 2530 non
1276 2476 1589 2550 degenerare
1604 2478 1799 2534 culina.

455 2562 506 2606 15
560 2550 740 2606 Mitem
764 2552 1003 2605 animum
1023 2558 1074 2605 et
1092 2565 1269 2605 mores
1286 2552 1510 2607 modicis
1526 2554 1795 2609 erroribus
1815 2570 2015 2628 aequos

563 2622 831 2694 praecipit,
864 2632 1024 2695 atque
1048 2624 1257 2679 animas
1277 2643 1552 2682 servorum
1571 2636 1622 2682 et
1640 2645 1854 2700 corpora
1879 2638 2060 2686 nostra

561 2694 775 2749 materia
795 2704 1030 2750 constare
1047 2705 1197 2766 putat
1215 2700 1544 2773 paribusque
1561 2703 1853 2769 clementis,

562 2784 631 2823 an
649 2766 851 2822 saevire
872 2767 1021 2823 docet
1037 2771 1271 2837 Rutilus,
1300 2775 1396 2844 qui
1416 2777 1613 2848 gaudet
1628 2776 1814 2834 acerbo
