2209 3217
567 241 632 292 98
1053 246 1471 293 IUVENALIS

563 343 736 414 turpia
755 343 985 411 cerdoni,
1006 345 1223 401 Volesos
1240 349 1570 418 Brutumque
1587 342 1883 401 docebunt?

564 417 723 485 Quid,
749 418 795 473 si
817 437 1094 493 nunquam
1113 421 1241 480 adeo
1261 420 1425 477 foedis
1445 421 1676 493 adeoque
1693 418 1964 490 pudendis

562 493 764 549 utimur
782 494 1057 567 exemplis,
1082 504 1265 551 utnon
1285 497 1458 568 peiora
1477 493 1780 568 supersint?

447 579 534 642 385
563 569 870 625 Consumtis
891 570 1082 641 opibus
1102 588 1301 636 vocem,
1324 572 1654 642 Damasippo,
1684 568 1868 625 locasti

562 644 1381 776 {fssssszfflssffinzissffffig
1396 643 1854 794 issssssffiifggfffi·

563 794 736 850 iudice
754 811 840 849 me
858 793 1055 867 dignus
1074 811 1198 849 vera
1215 811 1387 850 cruce.
1443 795 1551 850 Ne‘c
1571 802 1746 850 tamen
1764 794 1869 867 ipsi

563 869 805 944 ignoscas
822 868 1045 941 populo;
1086 869 1270 942 populi
1290 869 1435 926 frons
1454 870 1635 925 durior
1653 869 1836 935 huius,

457 953 534 997 190
562 946 659 1018 qui
676 943 882 999 sedetet
899 952 1097 1015 spectat
1115 946 1384 1000 triscurria
1400 946 1757 1017 patriciorum,

563 1019 870 1092 planipedes
888 1019 1036 1075 audit
1053 1020 1263 1088 Fabios,
1286 1020 1456 1076 ridere
1471 1027 1641 1093 potest
1658 1020 1755 1093 qui

561 1096 943 1151 Mamercorum
963 1093 1159 1167 alapas.
1219 1095 1415 1162 Quanti
1437 1112 1531 1151 sua
1549 1094 1734 1151 funera
1755 1093 2006 1158 vendant,

562 1170 695 1242 quid
715 1168 901 1226 refert?
936 1170 1186 1227 Vendunt
1201 1170 1352 1227 nullo
1369 1178 1582 1245 cogente
1604 1171 1826 1233 Nerone,

563 1261 660 1299 nec
676 1244 921 1301 dubitant
941 1244 1069 1301 celsi
1087 1247 1339 1318 praetoris
1357 1245 1582 1301 vendere
1602 1243 1764 1300 ludis.

459 1329 536 1371 195
563 1318 663 1374 Fin
704 1336 734 1374 e
751 1328 927 1375 tamen
943 1320 1151 1394 gladios
1170 1321 1310 1388 inde,
1346 1330 1503 1394 atque
1522 1320 1649 1376 hinc
1664 1318 1870 1393 pulpita
1889 1335 2055 1391 pone:

565 1394 660 1466 qui
717 1393 919 1449 satius?
953 1396 1176 1451 Mortem
1194 1397 1272 1451 sic
1288 1396 1577 1469 quisquam
1597 1394 1887 1459 exhorruit,
1911 1401 1972 1449 ut
1990 1395 2061 1448 sit

565 1466 838 1541 zelotypus
862 1468 1163 1542 ffiymeles,
1185 1470 1384 1542 stupidi
1404 1470 1598 1544 collega
1619 1468 1893 1526 Corinthi?

565 1543 669 1597 Res
691 1542 836 1598 baud
853 1542 987 1598 mira
1006 1551 1201 1608 tamen,
1221 1545 1518 1600 citharoedo
1536 1546 1793 1618 Principe,
1818 1545 2023 1600 mimus

565 1616 779 1673 nobilis,
840 1617 976 1674 Haec
1001 1618 1139 1674 ultra
1165 1619 1299 1692 quid
1328 1619 1442 1685 erit,
1477 1619 1581 1674 nisi
1608 1618 1804 1676 ludus?
1837 1619 1907 1675 Et
1926 1620 2062 1679 illud

458 1704 537 1747 200
564 1692 789 1750 dedecus
809 1692 965 1750 Urbis
982 1693 1174 1750 habes:
1217 1711 1314 1750 nec
1336 1693 1674 1752 mirmillonis
1697 1696 1752 1751 in
1777 1695 1961 1761 armis,

566 1786 663 1826 nec
689 1769 873 1845 clypeo
892 1769 1190 1827 Gracchum
1209 1779 1552 1847 pugnantem,
1575 1778 1666 1827 aut
1684 1769 1813 1826 falce
1843 1771 2058 1843 supina.

569 1842 805 1920 [damnat
823 1846 966 1902 enim
985 1846 1117 1902 tales
1136 1845 1379 1915 habitus;
1420 1854 1472 1903 et
1487 1846 1704 1902 damnat
1720 1853 1771 1901 et
1787 1844 1919 1921 odit]

567 1937 664 1976 nec
678 1920 826 1994 galea
845 1921 1068 1977 frontem
1087 1922 1386 1978 abscondit:
1427 1928 1602 1977 movet
1625 1937 1740 1976 ecce
1757 1922 2058 1989 tridentem,

566 1995 847 2066 postquam
873 1996 1074 2050 vibrata
1093 1996 1374 2068 pendentia
1393 1997 1520 2051 retia
1539 1996 1720 2050 dextra

459 2080 537 2122 205
566 2067 931 2140 nequidquam
947 2069 1150 2124 effudit.
1210 2070 1428 2125 Nudum
1450 2068 1517 2124 ad
1534 2065 1828 2140 spectacula
1848 2071 2062 2129 vultum

495 2171 510 2182 ·
567 2142 740 2215 erigit,
763 2149 814 2197 et
832 2148 934 2197 tota
947 2141 1086 2216 fugit
1101 2162 1131 2198 a
1207 2144 1465 2199 oscendus
1483 2159 1659 2197 arena.

568 2217 859 2274 Credamus
877 2216 1101 2283 tunicae,
1162 2236 1192 2272 e
1209 2216 1453 2273 faucibus
1471 2234 1627 2272 aurea
1651 2234 1823 2290 quum
1844 2237 1902 2276 se

568 2293 801 2367 porrigat
817 2300 869 2348 et
886 2291 1042 2366 longo
1060 2292 1277 2348 iactetur
1295 2293 1438 2366 spira
1455 2290 1652 2367 galero.

568 2368 710 2498 Ergo
730 2368 1078 2444 ignominiam
1096 2368 1394 2443 graviorem
1412 2366 1628 2442 pertulit
1642 2370 1791 2425 omni

463 2454 542 2498 2¹⁰
573 2462 641 2499 vu
667 2461 791 2500 nere
806 2459 932 2500 cum
951 2443 1189 2500 Graccho
1212 2444 1395 2500 iussus
1414 2461 1653 2519 pugnare
1672 2451 1891 2501 secutor.

644 2519 833 2574 Libera
853 2519 1111 2575 sidentur
1128 2519 1324 2593 populo
1343 2520 1610 2595 suffragia,
1633 2522 1757 2593 quis
1777 2529 1884 2576 tam

572 2593 825 2664 perditus,
849 2601 908 2662 ut
926 2595 1130 2651 dubitet
1148 2595 1396 2652 Senecam
1451 2593 1670 2652 raeferre
1687 2597 1898 2660 Neroni,

574 2667 728 2753 cuius
747 2669 1007 2741 supplicio
1032 2683 1137 2727 non
1157 2671 1340 2728 debuit
1359 2613 1463 2729 mla
1481 2672 1654 2744 parari

578 2758 751 2807 simia,
776 2760 870 2797 nec
888 2762 1104 2816 serpens
1129 2763 1292 2812 unus,
1318 2763 1413 2803 nec
1432 2745 1614 2802 culeus
1634 2744 1813 2801 unus?
