2209 3217
457 783 536 863 '63

377 1159 536 1234 ‘70

486 1566 539 1609 75

488 2309 541 2355 85

589 256 621 305 8
1137 261 1213 307 A.
1259 259 1518 308 PERsu
1579 225 1613 241 ‘⁵

588 376 684 415 nec
710 351 939 432 linguae,
975 367 1235 431 quantum
1254 356 1393 416 sitiat
1410 358 1554 415 canis
1573 357 1800 434 Appula,
1835 362 2078 425 tanturn!

590 435 713 498 VoS,
737 450 769 488 o
789 435 1034 505 patricius
1052 434 1289 508 sanguis,
1314 450 1447 506 quos
1466 434 1640 489 vivere
1657 432 1737 489 fas
1754 441 1834 490 est
2089 443 2096 448 ’

589 508 792 579 occipiti
811 526 975 571 caeco,
1002 509 1226 580 posticae
1242 509 1492 564 occurrite
1508 525 1704 567 sannae
1718 509 1729 562 l
1751 539 1828 551 ·-

669 584 798 649 Quis
812 588 993 652 populi
1010 600 1178 638 sermo
1196 582 1391 638 estP—
1408 582 1538 649 Quis
1560 582 1739 712 eluim‘?
1758 583 1864 639 nisi
1883 587 2082 641 carmi-

628 693 633 697 ·
888 687 899 698 =
1019 687 1025 692 ν
1389 675 1458 714 na
1477 658 1583 713 mol
1607 658 1626 712 i
2025 685 2033 690 ·

597 750 739 788 nunc
756 732 972 787 demum
989 747 1211 787 numero
1227 729 1404 796 fluere,
1427 740 1489 786 ut
1506 749 1598 803 per
1616 732 1727 786 leve
1745 750 1953 789 severos

590 806 822 862 effundat
843 807 1082 862 iunctura
1099 823 1324 880 ungues.
1384 807 1525 861 »Scit
1548 807 1756 862 tendere
1772 825 1991 864 versum

594 900 698 938 nou
718 898 886 942 secus,
909 897 970 935 ac
986 881 1034 942 si
1051 879 1203 936 oculo
1223 881 1485 938 rubricam
1504 882 1866 954 (litigatum...

593 958 716 1013 Sive
732 973 866 1028 opus
885 956 943 1010 in*
966 971 1156 1020 meree,
1180 956 1235 1011 in
1256 955 1465 1021 luxum,
1487 964 1537 1011 et
1555 956 1774 1027 prandia
1793 972 1981 1031 regum

597 1032 784 1097 dicere,
808 1047 889 1084 res
913 1023 1138 1102 giandes
1159 1038 1334 1088 nostro
1352 1030 1439 1086 dat
1457 1031 1604 1086 Musa
1625 1038 1821 1101 poetae.
1834 1052 1859 1084 α
1877 1062 1956 1074 --

669 1107 798 1161 Ecce
815 1104 1175 1160 modoheroas
1193 1122 1381 1162 sensus
1400 1104 1579 1160 afferre
1597 1105 1841 1162 videmus

593 1179 781 1253 nugari
800 1179 979 1236 solitos
995 1179 1206 1246 Graece,
1229 1197 1325 1235 nec
1342 1195 1532 1251 ponere
1551 1179 1731 1234 lucum

592 1255 831 1319 artificeS,
855 1271 950 1309 nec
968 1273 1060 1310 rus
1079 1262 1317 1312 saturum
1336 1253 1565 1318 laudare,
1588 1255 1681 1310 ubi
1694 1255 1896 1324 corbes,

593 1337 642 1384 et
661 1328 824 1393 focuS,
844 1337 895 1383 et
913 1329 1071 1400 porci,
1098 1337 1151 1384 et
1169 1328 1571 1385 fumosaPalilia
1591 1328 1764 1385 foeno:

595 1404 737 1459 unde
757 1404 970 1468 Remus,
993 1403 1245 1475 sulcoque
1261 1412 1432 1460 terens
1450 1404 1693 1468 dentalia,
1719 1404 1954 1471 Quincti,

595 1495 766 1552 quum
783 1477 981 1549 trepida
1004 1486 1123 1533 ante
1140 1478 1300 1534 boves
1320 1478 1616 1536 dictatorem
1640 1478 1814 1534 induit
1832 1497 1989 1545 uxor,

594 1563 646 1610 et
668 1563 759 1608 tua
787 1560 953 1608 aratra
979 1552 1196 1608 domum
1217 1552 1364 1607 lictor
1382 1553 1515 1610 tulit.
1542 1584 1617 1595 —-
1634 1553 1784 1627 Euge
1800 1556 1980 1624 poeta!
2003 1586 2078 1597 —

672 1628 769 1684 Est
785 1644 946 1693 nunc,
968 1627 1163 1683 Brise'is
1183 1645 1343 1699 quem
1361 1645 1589 1683 venosus
1609 1626 1740 1684 liber
1758 1628 1887 1694 Atti,

595 1713 738 1770 sunt,
760 1690 1281 1776 quosvaouviusque
1299 1710 1350 1758 et
1373 1720 1648 1758 verrucosa
1668 1710 1900 1772 moretur

594 1779 837 1851 Antiopa,
861 1778 1126 1835 aerumnis
1143 1794 1232 1834 cor
1251 1777 1580 1834 luctificabile
1600 1775 1746 1832 fulta.

595 1855 702 1910 Hos
719 1855 896 1928 pueris
914 1855 1148 1910 monitus
1165 1860 1335 1925 patres
1354 1851 1628 1908 infundere
1646 1851 1816 1923 lippos

595 1947 767 2001 quum
782 1929 982 1994 videas,
1008 1929 1305 2001 quaerisne,
1320 1927 1462 1986 unde
1475 1926 1601 1982 haec
1609 1933 1814 1999 sartago
1826 1926 2079 1999 loquendi

593 2004 797 2065 venerit
812 2004 867 2057 in
888 2001 1134 2076 linguas?
1168 2003 1312 2060 unde
1327 2002 1471 2057 istud
1488 2001 1731 2066 dedecus,
1754 2002 1809 2056 in
1828 2019 1940 2073 quo

597 2075 1125 2133 Trossulusexsultat
1140 2077 1236 2142 tibi
1258 2094 1350 2147 per
1369 2075 1619 2132 subsellia
1646 2075 1816 2132 levis?
1832 2107 1909 2120 --
2004 2137 2010 2142 ,
2047 2135 2053 2140 ,

669 2151 826 2206 Nilne
840 2150 1031 2223 pudet,
1043 2150 1199 2221 capiti
1220 2164 1324 2205 non
1345 2166 1499 2221 posse
1514 2150 1744 2221 pericula
1762 2167 1894 2208 cano

596 2225 804 2300 pellere,
832 2224 966 2297 quin
986 2225 1222 2295 tepidum
1242 2225 1342 2280 hoc
1355 2232 1501 2295 optes
1519 2224 1700 2280 audire
1717 2226 2000 2288 Decenter‘?

592 2302 742 2357 »Fur
766 2317 886 2366 es«,
910 2300 984 2355 ait
999 2298 1271 2355 Pedio.-
1306 2299 1499 2387 Pedius
1525 2299 1692 2371 quid?
1715 2331 1791 2344 —·-
1837 2301 2078 2357 Crimina

1397 2391 1528 2429 rasis

592 2449 753 2506 librat
770 2450 824 2506 in
844 2448 1129 2505 antithetis.
1169 2449 1352 2504 Doctae
1375 2448 1611 2520 posuisse
1630 2445 1825 2522 'figuras

599 2525 947 2580 laudatur.—
984 2522 1224 2582 »Bellum
1242 2523 1491 2580 hoel«—
1509 2521 1712 2577 Bellum
1739 2521 1853 2577 est‘?
1879 2542 1948 2579 an
1978 2526 2084 2580 Ro—

1396 2596 1540 2652 m'ule
1557 2595 1742 2651 ceves‘?

598 2673 719 2727 Men
739 2671 979 2745 moveat?
1013 2672 1213 2743 quippe
1230 2680 1299 2732 et.
1328 2680 1496 2726 cantet
1513 2671 1559 2724 si
1581 2669 1885 2743 naufragus„
1907 2690 2079 2730 assem

596 2743 902 2820 protulerim
912 2745 1023 2800 ‘?—
1031 2746 1240 2811 Cantas,
1254 2762 1425 2819 quum
1435 2743 1591 2800 fracta
1601 2752 1649 2799 te
1659 2745 1713 2799 in
1724 2745 1869 2800 trabe
1875 2747 2082 2818 pictum
