2209 3217
703 250 990 300 SATIRA
1019 252 1136 299 XV.
1565 249 1652 303 ⁴5⁴

140 356 260 406 aut
275 347 504 424 gravius
520 345 690 414 cultro
705 349 855 405 timet
871 349 1061 406 hostia.
1120 349 1254 417 Quis
1272 352 1427 410 modo
1442 370 1601 413 casus

143 422 387 497 impulit
403 424 520 488 hos,
552 439 691 496 quae
705 430 848 480 tanta
864 422 1048 491 fames,
1071 425 1366 498 infestaque
1382 428 1521 486 vallo
1688 440 1766 484 120

86 541 87 544 ‘
146 516 396 632 ffissmv
425 498 1471 648 gAssffiffifsstffamfflssffiffifflssoe,

145 648 428 705 invidiam
446 646 671 704 facerent
685 647 879 705 nolenti
896 667 1114 725 surgere
1135 649 1295 707 Nilo?

147 722 281 791 Qua
301 738 400 778 nec
414 721 671 780 terribiles
691 723 893 780 Cimbri
911 742 1007 780 nec
1024 725 1262 782 Britones
1281 742 1561 799 umquam,

148 797 567 854 Sauromataeve
584 804 753 854 truces
770 805 862 854 aut
877 798 1139 855 immanes
1157 802 1201 855 A
1273 801 1464 877 thyrsi,
1683 813 1759 856 125

147 872 264 928 hac
282 871 452 928 saevit
472 872 615 928 rabie
632 871 844 928 imbelle
861 880 911 928 et
927 873 1115 930 inutile
1131 893 1205 930 vu
1225 894 1347 950 gus,

148 945 387 1021 parvula
407 946 657 1002 fictilibus
680 946 896 1003 solitum
914 947 1038 1004 dare
1053 948 1170 1005 vela
1186 950 1436 1021 phaselis,

151 1029 211 1078 et
225 1020 484 1079 brevibus
506 1020 673 1094 pictae
689 1020 850 1078 remis
869 1023 1175 1080 incumbere
1193 1031 1371 1081 testae.

152 1097 274 1153 Nec
289 1112 515 1168 poenaun
535 1095 715 1153 sceleri
734 1096 990 1167 invenies,
1014 1115 1112 1153 nec
1130 1098 1290 1172 digna
1307 1099 1519 1171 parabis

156 1171 433 1244 supplicia
450 1170 536 1225 his
554 1171 785 1243 populis,
813 1171 872 1226 in
895 1189 1128 1245 quorum
1145 1181 1318 1229 mente
1335 1192 1487 1246 pares
1507 1182 1635 1232 sunt
1681 1184 1758 1229 130

155 1252 211 1302 et
228 1243 437 1301 similes
457 1245 533 1299 ira
554 1262 583 1300 a
681 1263 712 1301 e
729 1245 916 1302 fames.
972 1246 1283 1304 Mollissima
1300 1249 1454 1306 corda

152 1321 402 1377 humano
417 1252 739 1394 gonerffire
756 1338 816 1376 se
832 1322 1028 1376 Natura
1045 1320 1253 1388 fatetur,

154 1412 303 1469 quae
328 1394 590 1450 lacrumas
617 1393 785 1454 dedit:
824 1395 955 1453 haec
975 1396 1143 1452 nostri
1167 1414 1289 1469 pars
1307 1398 1504 1472 optima
1521 1415 1642 1456 sen-

400 1497 407 1508 ·
967 1489 1083 1530 sus.

155 1542 378 1601 Plorare
395 1561 520 1620 ergo
543 1543 687 1601 iubet
704 1561 884 1603 casum
905 1546 1135 1623 lufflntis
1153 1548 1309 1605 amici

152 1618 569 1694 squaloremque
586 1620 678 1687 rei,
689 1622 965 1694 pupillum
984 1609 1057 1679 ad
1075 1624 1192 1680 iura
1209 1631 1480 1682 vocantem
1678 1631 1757 1675 135

151 1694 686 1764 circumscriptorem,
708 1697 862 1750 cuius
879 1698 1146 1751 manantia
1164 1696 1289 1751 fletu

149 1784 254 1825 ora
272 1763 536 1838 puellares
558 1766 755 1820 iaciunt
770 1767 963 1822 incerta
980 1767 1172 1838 capilli.
1311 1823 1316 1830 ,

150 1844 405 1904 Naturae
413 1838 632 1912 imperio
649 1838 932 1913 gemimus,
958 1857 1127 1912 quum
1146 1839 1311 1896 funus
1329 1840 1536 1898 adultae

155 1913 396 1991 virginis
414 1914 654 1979 occurrit,
680 1912 759 1970 vel
780 1921 915 1970 terra
930 1913 1192 1970 clauditur
1213 1914 1388 1971 infans

158 2000 212 2047 et
228 1991 411 2048 minor
428 1989 551 2064 igne
673 1988 708 2044 “.
747 1988 881 2056 Quis
900 1990 1044 2045 enim
1059 1989 1235 2046 bonus
1252 1998 1305 2045 et
1325 1989 1642 2067 facedignus
1677 1998 1758 2046 140

162 2083 374 2130 arcana,
397 2063 614 2138 qualem
675 2064 836 2120 ereris
853 2063 973 2121 vult
988 2082 1105 2122 esse
1123 2065 1379 2132 sacerdos,

160 2140 276 2197 ulla
299 2140 470 2196 aliena
488 2139 593 2196 sibi
609 2138 784 2196 credat
798 2138 975 2196 mala?
1010 2139 1224 2215 Separat
1246 2141 1347 2197 hoc
1363 2157 1462 2198 nos

161 2234 193 2272 a
212 2233 374 2290 grego
391 2222 677 2282 mutorum,
701 2222 859 2304 atque
882 2214 1000 2272 ideo
1018 2216 1314 2273 venerabile
1331 2215 1432 2272 soli

163 2290 334 2347 sortiti
352 2289 646 2365 ingenium,
668 2291 1080 2364 divinorumque
1097 2307 1314 2364 capaces

165 2373 324 2439 atque
346 2365 648 2421 exercendis
664 2366 1039 2438 capiendisque
1081 2367 1286 2421 artibus
1305 2364 1414 2437 apti
1678 2372 1757 2420 145

167 2457 384 2498 sensum
403 2457 434 2495 a
452 2437 659 2495 coelesti
676 2438 967 2495 demissum
986 2440 1248 2495 traximus
1266 2455 1399 2510 arce,

167 2517 319 2572 cuius
337 2519 490 2603 egent
506 2530 669 2587 prona
684 2519 736 2570 et
751 2520 940 2569 terram
961 2513 1264 2587 spectantia.
1323 2512 1509 2570 Mundi

167 2590 425 2663 principio
441 2587 663 2645 indulsit
677 2588 979 2647 communis
1000 2588 1237 2662 conditor
1258 2588 1367 2644 illis
1429 2609 1434 2618 ·
1473 2647 1480 2654 ,

167 2673 370 2722 tantum
380 2664 603 2730 animas,
615 2663 769 2724 nobis
779 2664 1019 2720 animum
1026 2680 1257 2737 quoque,
1271 2670 1491 2720 mutuus
1501 2671 1560 2721 ut
1567 2680 1664 2721 uos

173 2741 380 2796 affectus
404 2746 579 2812 petere
594 2738 857 2810 auxilium
874 2746 926 2796 et
943 2746 1205 2812 praestare
1225 2740 1441 2805 iuberet,
1676 2748 1757 2792 150
