2209 3217
690 266 967 314 sA-rmA
1004 267 1144 316 x1v.
1437 321 1446 332 ,
1558 265 1655 319 445

168 367 260 424 illa
279 374 415 423 reste
432 372 603 421 cavet:
644 373 705 422 tu
722 363 930 439 propter
946 366 1091 424 mille
1107 365 1299 443 talenta

167 450 219 499 et
236 450 449 500 centum
471 440 626 496 villas
644 442 970 497 temerarius.
1028 441 1256 513 Adspice
1273 451 1472 513 portus,
1687 458 1765 501 275

167 527 218 574 et
243 518 468 591 plenum
496 517 706 590 magnis
735 517 973 572 trabibus
999 534 1171 586 mare3
1222 517 1345 594 plus
1378 518 1655 580 hominum

971 600 1051 648 est
1068 592 1177 646 iam
1295 605 1304 611 ’

167 668 226 723 in
242 665 459 742 pelago:
500 666 674 722 veniet
697 665 899 733 classis,
922 668 1476 740 quocumque-vocarit
1559 683 1566 688 ·

168 759 293 815 spes
316 740 466 807 lucri,
488 747 585 797 nec
601 741 945 814 Carpathium
964 742 1293 814 Gaetulaque
1309 750 1514 797 tantum

169 833 397 889 aequora
415 812 718 881 transsiliet,
749 816 861 882 sed,
883 816 1041 890 longe
1060 816 1221 889 Calpe
1239 816 1434 882 relicta,

169 892 348 947 audiet
364 890 615 946 Herculeo
633 887 937 946 stridentem
954 893 1166 966 gurgite
1183 892 1369 947 solem.
1688 905 1765 948 280

169 965 385 1026 Grande,
406 982 592 1038 operae
609 965 835 1037 pretium
858 974 952 1032 est,
977 974 1036 1021 ut
1052 975 1201 1022 tenso
1219 965 1348 1032 folle'
1362 969 1546 1022 reverti

168 1040 297 1097 inde
313 1039 532 1095 domum
548 1041 720 1113 possis
738 1041 1050 1114 tumidaque
1068 1042 1332 1114 superbus
1352 1040 1492 1097 aluta

166 1115 349 1172 oceani
371 1123 602 1171 monstra
619 1122 671 1171 et
689 1116 906 1172 iuvenes
925 1117 1124 1172 vidisse
1148 1117 1401 1171 marinos.
1437 1139 1444 1148 ·

244 1192 362 1246 Non
382 1208 526 1246 unus
551 1198 753 1248 mentes
771 1192 933 1265 agitat
950 1190 1116 1246 furor.
1174 1190 1267 1246 Ille
1283 1192 1476 1246 sororis

168 1266 226 1321 in
247 1265 497 1322 manibus
517 1266 672 1321 vultu
686 1266 1047 1322 Eumenidum
1062 1273 1284 1321 terretur
1302 1273 1353 1321 et
1369 1267 1509 1340 igni:
1553 1287 1560 1294 ·
1688 1277 1765 1321 285

169 1341 410 1396 bicbove
425 1356 675 1412 percusso
692 1341 899 1415 mugire
918 1340 1314 1416 Agamemnona
1334 1342 1496 1397 credit

170 1422 263 1471 aut
287 1415 546 1472 Ithacum.
605 1416 786 1471 Pareat
804 1416 996 1472 tunicis
1016 1416 1136 1472 licet
1155 1425 1311 1490 atque
1330 1415 1569 1483 lacernis,

167 1490 423 1546 curatoris
441 1497 574 1565 eget,
599 1491 694 1564 qui
715 1509 902 1562 navem
921 1492 1183 1552 mercibus
1204 1492 1387 1565 implet

168 1565 238 1622 ad
255 1566 689 1622 summum'latus
708 1571 757 1623 et
775 1567 951 1624 tabula
969 1569 1314 1642 distinguitur
1334 1567 1506 1636 unda;

168 1657 346 1714 quum
364 1641 434 1694 sit
450 1658 607 1695 causa
624 1642 751 1697 mali
770 1643 900 1708 tanti
918 1651 971 1697 et
986 1644 1309 1697 discriminis
1333 1642 1498 1695 huius
1690 1649 1768 1692 290

166 1712 445 1771 concisum
465 1721 740 1784 argentum
758 1715 816 1768 in
832 1715 1012 1769 titulos
1033 1716 1295 1784 faciesque
1311 1714 1562 1768 minutas.
1736 1729 1754 1744 ·

165 1786 654 1846 Occurruntnubes
673 1793 723 1840 et
741 1781 967 1858 fulgura.
1026 1787 1221 1841 Solvite
1242 1793 1429 1857 runem,

169 1861 428 1921 frumenti
446 1859 696 1916 dominus
714 1859 905 1916 clamat
919 1860 1223 1932 piperisque
1241 1862 1493 1928 coemtor3

167 1943 250 1996 m'l
269 1939 414 1993 color
430 1939 515 1991 hic
536 1939 679 2000 coeli,
699 1935 778 1991 nil
793 1941 963 2005 {ascia
984 1941 1142 2006 niqra
1157 1939 1414 2003 minatur,-

170 2017 423 2071 aestivum
443 2019 602 2066 tonat.
659 2009 848 2066 Infelix
867 2010 965 2066 hac
982 2010 1198 2066 forsitan
1225 2011 1337 2083 ipsa
1689 2020 1766 2064 295

120 2119 121 2122 η
172 2094 322 2144 nocte
339 2086 486 2141 cadet
503 2084 676 2141 fractis
701 2085 956 2153 trabibus,
980 2085 1247 2159 fluctuque
1262 2093 1527 2159 premetur

171 2163 412 2227 obrutuS,
435 2168 491 2217 et
503 2179 690 2218 zonam
712 2161 855 2218 laeva
876 2179 1165 2234 morsuque
1188 2162 1401 2218 tenebit.

172 2237 276 2293 Sed
294 2237 446 2291 cuius
470 2238 606 2293 votis
623 2238 780 2294 modo
804 2255 909 2293 non
928 2238 1198 2293 suffecerat
1216 2251 1425 2299 aurum,

174 2312 319 2385 quod
337 2312 514 2386 Tagus
531 2320 582 2367 et
599 2312 756 2367 rutila
777 2312 942 2367 volvit
961 2312 1198 2368 Pactolus
1216 2328 1389 2375 arena,

173 2385 363 2461 {rigida
386 2385 649 2444 sufficient
665 2387 896 2441 velantes
916 2387 1136 2460 inguina
1157 2386 1338 2457 panni,
1690 2395 1766 2437 300

174 2463 506 2536 exiguusque
522 2462 691 2523 cibus,
714 2478 884 2515 mersa
902 2472 1009 2516 rate
1027 2460 1313 2534 naufragus
1331 2475 1504 2515 assem

175 2537 304 2592 dum
321 2543 486 2611 rogat,
508 2543 560 2590 et
574 2537 710 2608 picta
732 2553 789 2604 se
807 2542 1108 2607 tempestate
1128 2543 1320 2590 tuetur.

248 2611 426 2666 Tantis
444 2619 591 2684 parta
611 2610 766 2666 malis
784 2627 909 2665 cura
929 2611 1125 2665 maiore
1142 2618 1393 2682 metuque

178 2694 466 2742 servantur.
523 2687 713 2741 Misera
732 2685 1008 2759 estmagni
1029 2685 1264 2740 custodia
1283 2700 1492 2740 census.

178 2760 452 2834 Dispositis
470 2760 742 2833 praedives
758 2760 933 2817 hamis
958 2759 1178 2836 vigilare
1202 2760 1465 2817 cohortem
1692 2766 1769 2808 3⁰⁵

253 2854 485 2921 Imma.
992 2863 1013 2882 ⁸
1392 2849 1442 2906 K
