2209 3217
2069 20 2207 233 ῃ

604 251 674 304 50
1093 254 1514 303 ισνΕΝΑιιε
2124 241 2146 302 2‘

606 355 792 428 pullati
812 371 1065 426 proceres,
1092 355 1264 410 differt
1290 355 1589 410 vadimonia
1606 356 1829 410 Praetor.

607 432 757 485 Tunc
772 430 1037 503 gemimus
1055 437 1211 485 casus
1230 430 1403 495 Urbis,
1427 438 1555 484 tunc
1571 429 1783 485 odimus
1801 430 2001 503 ignem.

499 515 577 558 215
605 503 765 560 Ardet
783 504 974 570 adhuc,
996 505 1173 564 esiam
1189 504 1431 569 occurrit,
1455 504 1550 576 qui
1569 522 1829 559 marmora
1850 505 2030 571 donet,

605 578 833 647 conferat
853 580 1139 651 impensas
1196 579 1292 633 Hic
1311 578 1450 634 nuda
1471 587 1522 634 et
1538 577 1758 634 candida
1776 581 1954 652 signa,

605 655 696 710 hic
713 653 915 727 aliquid
933 652 1258 726 praeclarum
1277 654 1639 724 Euphranoris
1658 662 1709 709 et
1726 653 1999 728 Polycleti,

605 730 736 785 haec
755 729 1069 785 Asianorum
1094 737 1266 784 vetera
1282 736 1586 784 ornamenta
1604 730 1848 791 Deorum,

608 804 697 860 hio
715 803 878 859 libros
895 803 1040 859 dabit
1058 810 1108 858 et
1121 802 1323 860 forulos
1341 803 1675 875 mediamque
1692 804 2009 871 Minervam,

500 888 578 933 220
605 879 695 935 hic
712 878 949 934 modium
969 879 1191 952 argenti.
1247 878 1459 936 Meliora
1478 895 1537 933 ac
1554 878 1706 949 plura
1724 879 1933 949 reponit

608 954 865 1017 Persicus,
888 954 1138 1009 orborum
1159 952 1504 1017 lautissimae,
1527 962 1578 1008 et
1596 953 1782 1008 merito
1799 953 1908 1007 iam

611 1036 905 1101 suspectus,
929 1037 1201 1102 tamquam
1222 1028 1335 1100 ipse
1351 1034 1477 1084 sua's
1497 1028 1784 1083 incenderit
1806 1028 1986 1084 aedes.

607 1104 665 1159 Si
689 1112 835 1175 potes
853 1103 1010 1159 avelli
1030 1104 1384 1169 CircensibuS,
1407 1103 1603 1175 optima
1622 1102 1794 1167 Sorae,

607 1187 699 1234 aut
716 1179 1046 1235 Fabrateriae
1067 1179 1278 1243 domus,
1302 1187 1392 1233 aut
1409 1178 1704 1232 Frusinone
1722 1185 1958 1249 paratur,

501 1262 579 1307 225
606 1254 792 1325 quanti
813 1272 956 1309 nunc
973 1255 1213 1309 tenebras
1233 1253 1403 1308 unum
1421 1252 1671 1307 conducis
1691 1251 1748 1307 in
1766 1269 1994 1310 annum.

609 1327 860 1382 Hortulus
883 1329 988 1392 hic,
1010 1336 1310 1400 puteusque
1328 1327 1524 1392 brevis,
1537 1330 2106 1393 neorestemovendus,

610 1403 664 1455 in
688 1408 872 1456 tenues
893 1402 1099 1474 plantas
1119 1401 1259 1457 facili
1277 1401 1587 1457 diffunditur
1608 1401 1823 1457 haustu.

609 1476 742 1530 Vive
760 1475 989 1530 bidentis
1007 1493 1211 1540 amans,
1233 1486 1284 1531 et
1301 1476 1430 1530 culti
1450 1476 1660 1532 villicus
1683 1476 1848 1544 horti3
1897 1511 1900 1514 ι

608 1550 752 1605 unde
770 1549 988 1621 epulum
1006 1550 1180 1622 possis
1198 1559 1410 1606 centum
1436 1551 1560 1606 dare
1578 1551 1941 1626 Pythagoreis,
2191 1553 2206 1624 ,l

503 1634 581 1678 230
607 1626 705 1680 Est
722 1623 944 1697 aliquid,
966 1641 1305 1697 quocumque
1323 1625 1452 1691 loco,
1477 1642 1816 1699 quocumque
1833 1644 2054 1685 recessu

608 1700 774 1757 unius
791 1718 906 1756 sese
929 1700 1208 1757 dominum
1235 1700 1418 1756 fecisse
1436 1701 1685 1757 lacernae.

686 1774 956 1831 Plurimus
981 1777 1070 1833 hic
1088 1794 1242 1851 aeger
1261 1778 1484 1832 moritur
1501 1775 1797 1850 vigilando:
1837 1776 1933 1831 sed
1947 1776 2102 1834 illum

610 1851 918 1925 languorem
937 1852 1140 1924 peperit
1155 1852 1309 1907 cibus
1330 1850 1662 1924 imperfectus
1681 1857 1736 1905 et
1756 1850 1984 1908 haerens

610 1926 811 1981 ardenti
838 1928 1126 1983 stomacho.
1184 1928 1321 1982 Nam
1339 1944 1478 1999 quae
1493 1926 1753 1982 meritoria
1772 1942 2031 1982 somnum

503 2008 581 2052 235
609 2000 930 2055 admittunt?
964 2002 1173 2075 Magnis
1190 2003 1383 2074 opibus
1402 2002 1661 2057 dormitur
1677 2000 1735 2055 in
1755 2000 1922 2056 Urbe:

612 2074 734 2129 inde
751 2083 910 2146 caput
927 2076 1120 2131 morbi.
1180 2077 1484 2132 Rhedarum
1502 2076 1756 2131 transitus
1774 2083 1918 2131 arcto

610 2149 848 2205 vicorum
868 2149 925 2204 in
943 2148 1086 2205 flexu
1104 2158 1160 2206 et
1173 2152 1359 2207 stantis
1377 2151 1610 2207 convicia
1626 2149 1882 2206 mandrae

611 2224 832 2297 eripient
850 2241 1064 2280 somnos
1083 2243 1209 2280 urso
1227 2226 1516 2299 vitulisque
1529 2224 1769 2281 marinis.

611 2299 666 2354 Si
688 2307 837 2355 vocat
858 2298 1112 2365 officium,
1136 2301 1292 2356 tdrba
1314 2301 1527 2357 cedente
1544 2301 1765 2355 vehetur

505 2378 584 2425 240
611 2374 779 2436 dives,
803 2382 854 2430 et
872 2374 1071 2449 ingenti
1090 2385 1264 2431 curret
1281 2394 1443 2449 super
1459 2394 1550 2432 ora
1573 2376 1829 2438 Liburno,

612 2456 772 2523 atque
786 2449 954 2506 obiter
974 2450 1110 2525 leget
1125 2459 1217 2506 aut
1234 2452 1443 2517 scribet,
1465 2450 1549 2508 vel
1569 2450 1792 2505 dormiet
1810 2449 1960 2506 intus
1975 2494 1987 2517 ,

614 2542 847 2597 namque
864 2524 985 2582 facit
1002 2543 1252 2581 somnum
1271 2525 1448 2582 clausa
1467 2525 1645 2581 lectica
1661 2523 1907 2580 fenestra.

614 2599 750 2654 Ante
767 2607 945 2656 tamen
963 2602 1165 2658 veniet:
1208 2601 1361 2656 nobis
1379 2600 1780 2673 properantibus
1796 2600 1974 2655 obstat

616 2673 760 2727 unda
776 2676 944 2743 prior:
974 2693 1178 2750 magno.
1189 2675 1420 2747 populus
1435 2676 1628 2747 premit
1645 2675 1859 2748 agmine
1871 2674 2107 2742 lumbos,

507 2752 585 2798 245
613 2746 708 2818 qui
733 2748 989 2819 sequitur.
1050 2751 1195 2806 Ferit
1211 2751 1300 2804 hic
1315 2750 1511 2816 cubito,
1533 2749 1654 2805 ferit
1669 2766 1844 2805 assere
1862 2750 2000 2806 duro
