2209 3217
508 238 573 291 74
1030 243 1456 290 IUVENALIS

508 343 657 398 Tunc
690 340 909 415 prurigo
934 358 1113 397 morae
1140 342 1445 472 impatielns,
1477 349 1605 398 tunc
1637 340 1835 398 femina
1867 344 2006 399 sim-

1313 433 1351 489 p
1370 434 1454 482 ex,
1999 430 2007 437 ·

508 497 559 544 et
575 495 681 544 toto
699 489 892 561 pariter
909 490 1159 564 repetitus
1175 488 1371 545 clamor
1389 491 1459 545 ab
1478 497 1651 545 antro:

507 565 623 618 Iam
643 569 728 633 sas
745 572 848 633 ως
883 568 1097 618 admitte
1114 566 1284 619 viros!
1320 565 1574 619 Dormitat
1592 563 1822 633 adulter,

399 648 479 692 33⁰
507 636 597 692 illa
616 638 761 692 iubet
777 645 955 693 sumto
973 637 1220 692 iuvenem
1239 655 1515 710 properare
1531 637 1755 693 cucullo.

506 711 563 767 Si
583 711 717 766 nihil
736 720 833 777 est,
857 712 1024 765 servis
1047 711 1348 768 incurritur.
1410 712 1705 767 Abstuleris
1722 729 1871 783 spem

505 802 799 851 servorum,
822 785 996 840 veniet
1011 785 1303 842 conductus
1321 787 1593 859 aquarius
1651 787 1749 841 Hic
1764 787 1812 840 si

504 860 778 932 quaeritur
793 867 843 914 et
860 859 1053 914 desunt
1070 859 1342 930 homines3
1383 879 1530 917 mora
1542 859 1687 916 nulla
1697 860 1994 935 peripsam,

506 951 615 1006 quo
639 935 819 989 minus
843 935 1090 1005 imposito
1111 933 1325 991 clunem
1344 936 1619 992 submittat
1636 935 1811 990 asello.

398 1019 478 1063 335
507 1009 680 1080 Atque
700 1008 900 1063 utinam
918 1008 1052 1063 ritus
1070 1017 1270 1068 veteres
1287 1017 1340 1065 et
1357 1010 1568 1082 publica
1584 1009 1770 1064 saltem

506 1082 593 1137 his
614 1083 803 1138 intacta
820 1082 976 1138 malis
994 1093 1273 1157 agerentur
1290 1101 1465 1139 sacra:
1507 1083 1600 1138 sed
1615 1100 1802 1138 omnes

508 1165 767 1212 noverunt
783 1158 956 1214 Mauri
977 1167 1136 1230 atque
1158 1159 1295 1223 Indi,
1319 1175 1457 1231 quae
1478 1155 1691 1230 psaltria
1712 1174 1904 1229 penem

507 1231 778 1297 maiorem,
802 1250 965 1304 quam
986 1242 1115 1288 sunt
1134 1233 1242 1289 duo
1259 1234 1495 1291 Caesaris
1512 1232 1869 1300 Anticatones,

507 1305 652 1370 illuc,
674 1306 900 1360 testiculi
920 1307 1024 1360 sibi
1043 1309 1286 1363 conscius
1305 1307 1603 1380 undefugit
1618 1323 1759 1373 mus,

398 1386 479 1433 840
506 1378 759 1443 intulerit,
780 1379 874 1434 ubi
895 1379 1057 1434 velari
1076 1382 1280 1452 pictura
1300 1383 1528 1447 iubetur,

506 1469 874 1525 quaecumque
892 1452 1105 1508 alterius
1125 1472 1287 1509 sexus
1311 1456 1509 1511 imitata
1530 1455 1758 1529 figuram
1775 1462 1874 1510 est.

505 1527 573 1582 Et
591 1526 716 1598 quis
731 1525 1150 1582 tunchominum
1159 1529 1733 1584 contemtornuminis‘?
1768 1536 1859 1584 aut
1871 1531 2000 1603 quis

504 1601 836 1672 simpuvium
856 1600 1023 1656 ridere
1041 1603 1265 1668 Numae,
1289 1604 1612 1678 nigrumque
1629 1603 1884 1670 catinum,

505 1684 556 1732 et
572 1676 819 1735 Vaticano
835 1675 1048 1750 fragiles
1071 1676 1139 1732 de
1155 1685 1335 1735 monte
1357 1678 1573 1753 patellas

397 1756 478 1804 345
506 1768 672 1807 ausus
689 1751 831 1807 erat?
865 1751 967 1808 Sed
986 1770 1133 1808 nunc
1149 1753 1216 1809 ad
1240 1771 1376 1827 quas
1393 1773 1499 1811 non
1519 1753 1734 1812 Clodius
1754 1752 1909 1809 aras?

579 1826 772 1892 Audio,
796 1826 930 1899 quid
950 1835 1149 1884 veteres
1166 1827 1293 1884 olim
1312 1829 1568 1888 moneatis
1586 1827 1769 1883 amici:
1973 1835 1986 1846 ·

505 1901 639 1954 Pone
654 1918 854 1969 seram,·
892 1906 1083 1957 cohibe.
1142 1903 1247 1958 Sed
1262 1906 1387 1976 quis
1406 1903 1659 1959 custodiet
1677 1902 1822 1973 ipsos

503 1972 782 2027 custodes?
817 1974 982 2028 Cauta
999 1983 1096 2039 est,
1121 1983 1174 2030 et
1188 1976 1257 2032 ab
1276 1978 1384 2033 illis
1408 1977 1592 2047 incipit
1607 1991 1762 2029 uxor.

579 2046 798 2173 Iamque
812 2046 995 2100 eadem
1004 2050 1236 2102 summis
1247 2052 1440 2120 pariter
1448 2048 1795 2116 minimisque
1805 2046 1995 2119 libido,

398 2132 476 2176 35⁰
505 2135 601 2175 nec
618 2135 705 2174 me
725 2119 818 2182 ior,
842 2118 1043 2174 silicem
1067 2121 1296 2190 pedibus
1312 2140 1452 2194 quae
1469 2120 1686 2177 conterit
1702 2128 1900 2191 atrum,

505 2209 668 2268 quam
688 2209 826 2266 quae
843 2191 1121 2266 longorum
1141 2194 1352 2250 vehitur
1368 2196 1569 2251 cervice
1591 2194 1865 2269 Syrorum.

578 2269 648 2325 Ut
665 2276 860 2341 spectet
877 2267 1048 2334 ludos,
1072 2269 1318 2325 conducit
1334 2269 1565 2345 Ogulnia
1588 2278 1811 2337 vestem,

506 2344 752 2400 conducit
766 2344 1000 2409 comites,
1019 2342 1225 2409 sellam,
1236 2345 1487 2412 cervical,
1518 2345 1731 2411 amicas,

506 2419 783 2484 nutricem,
805 2426 857 2474 et
872 2417 1083 2484 flavam,
1105 2419 1193 2474 cui
1211 2419 1299 2476 det
1317 2422 1582 2488 mandata,
1603 2418 1855 2493 puellam.

398 2503 476 2547 355
503 2494 641 2547 Haec
656 2501 851 2559 tamen,
891 2494 1092 2569 argenti
1111 2504 1352 2568 superest
1376 2497 1752 2571 quodcumque
1769 2499 1995 2568 paterni,

509 2564 717 2621 levibus
741 2568 968 2634 athletis,
990 2586 1053 2626 ac
1069 2587 1197 2625 vasa
1221 2573 1529 2639 novissima,
1553 2572 1731 2627 donat.

506 2638 688 2694 Multis
707 2658 790 2695 res
807 2651 1032 2715 angusta
1050 2644 1197 2701 domi
1220 2656 1325 2704 est:
1367 2646 1462 2704 sed
1480 2646 1628 2703 nulla
1648 2644 1905 2718 pudorem

507 2716 826 2785 paupertatis
845 2715 1020 2783 habet,
1043 2736 1141 2775 nec
1156 2737 1220 2776 se
1236 2723 1450 2779 metitur
1471 2719 1712 2779 adinum

2097 17 2120 42 5

2129 0 2176 48 ,Ἰ

2175 203 2176 210 ⁴
2129 51 2160 94 δ
