2209 3217
570 287 664 338 {04
1090 289 1511 337 IUVENALIS

566 390 794 461 legatum
812 405 969 444 omne
992 390 1154 461 capim
1177 408 1273 445 nec
1290 407 1395 445 non
1421 401 1472 444 et
1489 388 1641 444 duloe
1657 388 1947 445 caducum.

564 462 849 530 Commoda
869 472 1126 536 praeterea
1144 466 1432 538 iungentur
1450 464 1615 519 multa
1634 464 1865 529 caducis„

457 550 507 591 00
563 539 605 591 si
630 555 931 603 numerum,
964 540 1010 593 si
1037 547 1142 595 tres
1161 539 1465 610 implevero.
1522 540 1631 595 Iuv.
1672 540 1812 593 Iusta
1833 539 2059 606 dolos-ie,

564 613 806 677 Naevole,
829 629 986 668 causa
1004 614 1098 668 tui.
1158 614 1350 669 Contra
1369 621 1542 668 tamen
1564 613 1653 668 ille
1674 613 1805 686 quid
1826 614 2025 670 affert?

563 689 729 743 Naev.
770 686 1026 762 Negligit,
1059 694 1219 760 atque
1249 688 1415 743 alium
1443 688 1687 817 Il>lipedem
1712 688 1816 744 sibi
1846 691 2080 766 quaerit.

1367 780 1455 818 aee
1496 780 1610 817 um.

568 837 703 892 Haeo
725 835 823 891 soli
847 836 1132 893 commissa
1150 837 1248 893 tibi
1271 837 1439 894 oelare
1459 844 1738 903 memento,

565 919 617 967 et
633 911 820 967 tacitus
843 920 1044 966 nostras
1061 913 1197 967 intra
1217 919 1268 968 te
1288 913 1389 988 fige
1407 912 1667 985 querelas.

457 998 512 1041 05
566 987 702 1042 Nam
726 1003 808 1041 ree
828 986 1089 1042 mortifera
1107 995 1188 1042 est
1208 988 1455 1044 inimicus
1474 988 1685 1060 pumice
1702 986 1854 1042 leviS.

567 1061 671 1129 Qui
689 1061 846 1117 modo
864 1069 1123 1118 secretum
1140 1064 1488 1129 commiserat,
1510 1061 1655 1117 ardet
1671 1069 1722 1117 et
1740 1062 1869 1127 odit,

567 1145 839 1209 tamquam
857 1137 1196 1209 prodiderim,
1227 1137 1490 1210 quidquid
1520 1137 1648 1191 scio.
1714 1135 1938 1193 Sumere
1959 1138 2058 1194 ser·

1146 1222 1158 1233 ·
1369 1229 1509 1276 rum,

566 1285 705 1340 fuste
723 1286 920 1356 aperire
939 1295 1113 1357 eaput,
1134 1286 1404 1342 candelam
1425 1302 1683 1359 apponere
1703 1283 1877 1340 valvis

568 1376 673 1414 non
691 1358 916 1414 dubitat.
975 1362 1083 1415 Neo
1099 1369 1402 1416 contemnas
1421 1369 1512 1417 aut
1529 1359 1802 1433 despicias,
1826 1360 1973 1432 quod

460 1444 539 1487 100
567 1434 654 1487 his
672 1434 864 1504 opibus
886 1449 1182 1505 numquam
1206 1452 1324 1490 oara
1345 1446 1424 1490 est
1442 1444 1649 1490 annona
1667 1436 1876 1491 veneni.

566 1508 709 1580 Ergo
732 1506 930 1561 occulta
949 1515 1110 1579 tegeS,
1135 1516 1196 1563 ut
1212 1510 1359 1564 ouria
1376 1510 1558 1564 Martis
1575 1509 1812 1564 Athenis.

568 1583 678 1637 Inv.
731 1578 777 1635 O
805 1579 1069 1655 Corydon,
1100 1581 1363 1656 Corydon,
1396 1591 1653 1637 secretum
1673 1584 1855 1639 divitis
1881 1583 2056 1639 ullum

569 1673 684 1711 esse
707 1654 899 1728 putas?
934 1654 1083 1710 Servi
1105 1663 1167 1711 ut
1188 1664 1400 1722 taceant,
1426 1656 1660 1713 iumenta
1679 1657 1975 1731 loquentur,

546 1743 551 1752 “
569 1739 621 1787 et
636 1731 799 1796 canisi,
824 1738 874 1785 et
891 1737 1085 1804 poeteS,
1106 1739 1159 1786 et
1175 1748 1453 1787 marmora.
1511 1732 1711 1789 Claude
1727 1732 1995 1799 fenestrae,

463 1818 540 1861 1⁰5
568 1807 684 1862 vela
703 1814 880 1881 tegant
895 1808 1075 1871 rimae,
1102 1808 1267 1883 iunge
1282 1809 1433 1873 ostia,
1453 1807 1618 1864 tollito
1634 1802 1816 1864 lum'en

571 1900 601 1936 e
623 1882 824 1950 medio;
875 1881 1102 1938 clament
1128 1899 1330 1939 omnoe.
1389 1885 1555 1956 Prope
1580 1900 1737 1939 nemo
1755 1883 2054 1938 recumbat:

572 1957 718 2028 quod
735 1965 907 2012 tamen
926 1957 993 2013 ad
1012 1965 1228 2013 cantum
1248 1958 1376 2032 galli
1395 1957 1515 2030 facit
1533 1957 1622 2013 ille
1639 1958 1875 2022 secundi,

569 2031 849 2103 proximus
869 2039 989 2087 ante
1004 2032 1148 2087 diem
1166 2049 1334 2105 caupo
1350 2034 1502 2101 sciet3
1544 2031 1718 2087 audiet
1736 2038 1801 2095 et,
1828 2047 1968 2102 quae

572 2105 840 2161 finxerunt
863 2106 1057 2177 pariter
1074 2107 1340 2173 librarius,
1365 2105 1716 2177 archimagiri,

466 2191 543 2234 no
570 2196 660 2235 car
750 2197 853 2236 ree.
930 2180 1083 2248 Quod
1112 2183 1254 2237 enim
1273 2181 1514 2236 dubitant
1531 2194 1840 2248 componere
1857 2180 2054 2237 crimen

571 2256 629 2310 in
683 2256 906 2320 ominus,
931 2256 1137 2327 quoties
1157 2256 1460 2312 rumoribus
1478 2252 1805 2308 ulciscuntur

573 2329 778 2385 baltea?
813 2333 921 2386 Nec
935 2330 1118 2397 deerit,
1145 2332 1240 2403 qui
1258 2337 1308 2384 te
1325 2345 1419 2401 per
1436 2329 1660 2399 compita
1678 2336 1893 2400 quaerat

576 2404 855 2471 nolentem,
884 2416 935 2460 et
951 2406 1195 2461 miseram
1220 2404 1435 2458 vinosus
1454 2402 1674 2459 inebriet
1693 2421 1889 2459 aurem.
2189 2409 2190 2416 ’

575 2477 697 2536 Illos
717 2497 840 2554 ergo
860 2497 1028 2554 roges,
1051 2478 1316 2553 quidquid
1336 2477 1493 2551 paulo
1512 2486 1631 2534 ante
1647 2479 1857 2553 petebas

469 2565 546 2607 115
575 2570 604 2607 a
625 2554 796 2609 nobis.
856 2556 1076 2610 Taeeant
1094 2553 1201 2609 illi:
1243 2554 1336 2609 sed
1354 2554 1569 2628 prodere
1586 2554 1792 2609 malunt

577 2643 846 2691 areanum,
870 2646 1032 2701 quam
1052 2629 1288 2702 subrepti
1307 2639 1484 2703 potare
1500 2629 1728 2694 Falerni,

576 2717 671 2772 pro
688 2700 884 2772 populo
904 2702 1099 2759 faciens
1120 2711 1382 2775 quantum
1399 2704 1630 2761 Laufella
1652 2699 1882 2759 bibebat.

578 2775 876 2830 vivendum
896 2786 1031 2831 reete
1047 2786 1144 2842 est,
1158 2795 1281 2833 oum
1291 2780 1757 2851 proptu-plurima,
1772 2786 1886 2833 tum
1896 2778 1957 2835 de
1969 2779 2051 2835 his
