2209 3217
138 0 448 14 Q·w—‘*
493 0 724 11 Ἰ-σ-υ--ι-νψ
784 0 799 4 *
850 0 983 12 'dfi-

741 288 1031 356 slA‘rmA
1066 290 1203 338 vm.
1654 288 1719 341 93

213 385 310 440 hos
332 391 457 440 ante
474 384 678 457 effigies
698 388 962 442 maiorum
982 404 1120 457 pone
1141 397 1380 447 tuorum:

211 458 527 531 praecedant
547 460 692 530 ipsas
714 461 793 515 illi
812 468 863 515 te
882 461 1114 517 Consule
1131 463 1340 535 virgas:

210 537 390 607 prima
415 534 554 590 mihi
575 534 735 590 debes
754 536 919 591 animi
937 536 1096 591 bona.
1138 536 1362 591 Sanctus
1381 537 1562 594 haberi

212 609 554 681 iustitiaeque
572 617 730 665 tenax
751 609 898 665 factis
921 610 1185 683 dictisque
1203 610 1458 665 mereris?
1774 626 1825 669 25

211 700 443 757 agnosco
458 700 748 755 procerem.
806 684 980 751 Salve,
1004 685 1291 749 Gaetulice,
1316 702 1413 740 seu
1432 692 1490 740 tu

211 758 447 823 Silanus„
472 775 813 831 quocumque
837 759 942 815 alio
959 760 1026 815 de
1049 761 1341 834 sanguinei
1383 777 1537 815 rarus

210 833 347 889 civis
366 841 419 887 et
435 834 682 906 egregius
704 835 903 906 patriae
915 835 1182 908 contingis
1198 835 1394 891 ovanti.

208 907 527 964 Exclamare
546 906 690 973 libet,
714 908 948 980 populus
964 909 1111 981 quod
1126 909 1336 975 clamat,
1367 908 1510 965 Osiri

210 984 450 1038 invento.
511 980 644 1047 Quis
662 983 806 1038 enim
823 1000 1138 1057 generosum
1159 985 1353 1039 dixerit
1370 985 1533 1049 hunc,
1556 984 1652 1057 qui
1774 995 1825 1037 30

210 1057 472 1134 indignus
490 1072 682 1129 genere
700 1065 795 1124 est,
821 1057 1081 1129 praeclaro
1100 1060 1316 1114 nomine
1333 1066 1543 1113 tantum

209 1129 483 1205 insignis?
517 1133 732 1188 Nanum
750 1133 1030 1188 cuiusdam
1055 1133 1267 1189 Atlanta
1285 1150 1557 1198 vocamuS‚

210 1205 525 1278 Aethiopem
545 1223 795 1281 cycnum,
818 1225 1039 1279 pravam
1057 1214 1423 1279 extortamque
1440 1206 1674 1279 puellam

209 1282 490 1353 Europen:
532 1281 756 1337 canibus
774 1282 942 1355 pigris
961 1282 1245 1353 scabicque
1270 1290 1470 1337 vetusta

210 1356 427 1412 levibus
445 1362 497 1410 et
512 1356 681 1411 siccae
706 1355 1066 1412 lambentibus
1084 1374 1176 1412 ora
1196 1356 1435 1413 lucernae
1772 1367 1825 1412 35

211 1447 411 1487 nomeu
427 1430 527 1485 erit
543 1430 714 1503 tigris,
744 1432 962 1503 pardus,
985 1430 1081 1498 lec,
1107 1431 1155 1486 si
1173 1432 1307 1504 quid
1326 1432 1500 1487 adhuc
1517 1440 1612 1498 est,

211 1505 363 1578 quod
385 1504 559 1560 fremit
577 1506 630 1561 in
659 1507 811 1562 terris
828 1506 1131 1563 violentius.
1189 1507 1333 1582 Ergo
1349 1507 1561 1563 cavebis

210 1590 265 1638 ot
289 1587 512 1645 metues,
535 1588 681 1637 netu
705 1582 782 1636 sis
806 1582 1041 1638 Creticus
1061 1591 1155 1638 aut
1176 1581 1504 1639 Camerinus.

289 1655 386 1710 His
421 1672 520 1728 ego
546 1672 708 1727 quem
744 1656 966 1712 monui?
1020 1658 1217 1783 Tecssierlrli
1254 1665 1333 1711 est
1350 1657 1484 1711 mihi
1519 1674 1709 1718 sermo,

1022 1731 1106 1783 Ru
1216 1730 1234 1782 i

209 1804 428 1862 Blande.
484 1804 682 1858 Tumes
700 1801 804 1858 alto
824 1803 1114 1857 Drusorum
1132 1802 1410 1875 sanguine,
1434 1809 1703 1873 tamquam
1771 1812 1823 1856 40

210 1879 400 1937 feceris
426 1877 542 1947 ipse
559 1874 782 1946 aliquid,
803 1882 1015 1945 propter
1038 1876 1182 1946 quod
1205 1874 1401 1928 nobilis
1418 1890 1581 1942 esses,

210 1965 272 2012 ut
290 1963 345 2010 te
363 1950 676 2022 conciperet,
697 1966 835 2021 quae
856 1949 1118 2022 sanguine
1136 1947 1304 2021 fulget
1320 1948 1441 2013 Iuli,

211 2048 321 2086 non
342 2042 483 2100 quae
504 2032 721 2079 ventoso
738 2024 993 2079 conducta
1014 2024 1120 2079 sub
1136 2040 1326 2098 aggere
1339 2023 1489 2079 texit.

211 2106 323 2160 Vos
339 2098 595 2166 humiles,
620 2100 821 2173 inquis,
848 2096 999 2173 vulgi
1019 2116 1143 2172 pars
1162 2098 1350 2154 ultima
1372 2100 1557 2162 nostri,

211 2193 451 2252 quorum
473 2192 629 2231 nemo
645 2183 806 2247 queat
828 2174 1051 2247 patriam
1071 2182 1363 2233 monstrare
1385 2173 1644 2247 parentis;
1772 2179 1825 2226 ⁴5

216 2261 298 2310 ast
313 2268 413 2326 ego
433 2249 763 2323 Cecropides.
824 2250 1003 2318 vivas,
1023 2258 1075 2307 et
1090 2250 1316 2324 originis
1334 2250 1497 2305 huius

256 2327 413 2383 audia
442 2325 600 2399 longa
617 2325 781 2395 feras3
822 2333 1000 2381 tamen
1019 2327 1128 2381 ima
1146 2324 1301 2398 plebe
1321 2324 1580 2392 Quiritem

239 2401 508 2458 anundum
529 2401 794 2457 invenies:
836 2400 967 2457 solet
985 2401 1074 2455 bic
1091 2400 1366 2455 defendere
1382 2416 1568 2454 causas

221 2475 417 2534 nobilis
437 2475 653 2531 indocti.
712 2476 896 2531 Veniet
918 2475 984 2530 de
1003 2475 1158 2547 plebe
1175 2482 1362 2548 togata,

219 2553 316 2625 qui
336 2550 470 2606 iuris
498 2549 663 2605 nodos
680 2557 732 2604 et
752 2549 932 2623 legum
951 2549 1248 2621 aenigmata
1264 2547 1451 2602 solvat.
1773 2557 1825 2600 50

221 2628 318 2682 Hic
333 2625 464 2699 petit
480 2624 789 2696 Euphraten
812 2623 1022 2677 iuvenis
1039 2622 1336 2693 domitique
1349 2622 1529 2676 Batavi

222 2700 465 2757 custodes
484 2697 713 2771 aquilas,
736 2698 899 2752 armis
921 2696 1244 2753 industrius:
1287 2702 1339 2750 at
1357 2702 1416 2750 tu

225 2776 299 2832 nil
320 2775 427 2832 nisi
445 2772 775 2845 Cecropides,
796 2778 1090 2844 truncoque
1107 2769 1417 2826 simillimus
1439 2772 1676 2825 Hermae.
