2209 3217
752 271 1048 319 sA'rIRA
1088 272 1181 321 v1.
1644 271 1713 325 25

217 366 439 423 Herodis
465 383 656 432 venere
678 367 811 435 dies,
833 377 1100 442 unctaque
1115 370 1337 429 fenestra
1740 384 1819 427 18⁰

215 441 503 513 dispositae
517 441 776 516 pinguem
795 443 1047 500 nebulam
1067 462 1316 501 vomuere
1333 445 1587 512 lucernae,

213 522 483 587 portantes
500 516 689 581 violas,
711 517 1043 589 rubrumque
1059 518 1302 589 amplexa
1319 520 1551 575 catinum

215 589 387 644 cauda
405 597 551 644 natat
569 590 780 663 thynni,
808 599 976 646 tumet
993 592 1113 648 alba
1133 592 1307 648 fidelia
1331 593 1483 648 vino:

214 662 363 718 labra
385 680 566 720 moves
586 665 789 731 tacitus,
813 667 1137 738 recutitaque
1154 667 1372 722 sabbata
1390 666 1572 737 palles.
1594 698 1672 712 —·

216 737 370 792 Tunc
391 737 532 810 nigri
553 736 796 804 lemures,
818 756 1024 811 ovoque
1040 741 1271 812 pericula
1290 749 1472 812 rupto:
1555 773 1560 780 ‚
1737 754 1815 797 1⁸5

216 817 346 866 tunc
363 810 593 883 grandes
613 811 751 867 Galli
770 819 823 868 et
838 830 963 869 cum
982 814 1139 869 sistro
1156 814 1300 870 lusca
1317 813 1560 870 sacerdos

214 885 488 942 incussere
506 884 631 940 deos
648 884 888 942 inflantes
905 904 1138 958 corpora,
1161 890 1209 943 si
1230 905 1334 944 non

212 958 545 1030 praedictum
560 966 637 1013 ter
655 976 812 1015 mane
828 968 985 1032 caput·
999 963 1296 1034 gustaveris
1314 961 1428 1018 alli.

292 1032 500 1086 Dixeris
518 1031 646 1087 haec
663 1033 799 1088 inter
818 1036 1081 1090 varicosos
1096 1037 1427 1091 centuriones
1442 1054 1457 1104 ;

213 1105 468 1160 continuo
484 1122 722 1162 crassum
742 1107 876 1163 ridet
891 1108 1188 1179 Vulpenius
1206 1110 1414 1183 ingens,
1613 1177 1621 1185 ,
1735 1121 1812 1165 ste

213 1187 268 1235 et
284 1186 506 1238 centum
518 1179 741 1258 Graecos
759 1189 909 1238 curto
921 1190 1163 1238 centusse
1179 1182 1382 1239 licetur.

460 1380 930 1441 SATIRA
1021 1369 1524 1444 sExTA.‘

580 1505 668 1550 An
700 1508 1014 1557 cAEsmu
1048 1512 1354 1557 BASSUM.

210 1620 365 1660 Ano.
391 1620 458 1658 ne
472 1619 736 1670 continentie,
752 1627 793 1674 qt
806 1624 854 1662 de
872 1631 1128 1675 praepostero
1148 1626 1382 1665 diviti-rum
1400 1627 1549 1687 studio,
1569 1628 1698 1678 deque

228 1682 411 1722 stultitia
426 1695 581 1731 eorum,
590 1684 661 1734 qni
679 1697 749 1723 eun
757 1683 972 1724 heredibus
989 1687 1245 1740 relinquunt,
1255 1687 1332 1738 ipsi
1342 1687 1425 1726 frui
1436 1702 1514 1725 non
1526 1690 1686 1728 nudent.

287 1757 556 1821 Admovit
571 1765 678 1821 iam
702 1766 893 1823 bruma
910 1767 1025 1824 foco
1043 1777 1110 1833 te,
1137 1771 1315 1832 Basse,
1335 1768 1566 1824 Sabino?

212 1840 397 1895 iamne
415 1839 532 1911 lyra
554 1847 606 1894 et
622 1840 802 1894 tetrico
819 1842 1011 1895 vivunt
1029 1843 1125 1897 tibi
1145 1843 1348 1912 pectine
1363 1842 1622 1899 chordae?

215 1915 351 1969 mire
366 1910 567 1984 opifex,
588 1913 825 1968 numeris
847 1922 1081 1970 veterum
1106 1916 1393 1987 primordia
1409 1933 1599 1974 vocum

214 1996 376 2060 atque
393 2003 596 2042 marem
615 1987 891 2059 strepitum
911 1989 1032 2044 fidis
1050 1990 1336 2046 intendisse
1353 1992 1565 2049 Latinae
1581 2013 1595 2063 ;

213 2079 346 2117 mox
362 2062 582 2117 iuvenes
603 2062 801 2135 agitare
822 2064 980 2128 iocos,
1002 2073 1053 2120 et
1070 2066 1257 2137 pollice
1275 2066 1491 2124 honesto
1787 2082 1812 2124 5

213 2137 457 2211 egregios
476 2135 669 2192 lusisse
686 2154 858 2195 senes.
915 2140 1047 2196 Mihi
1065 2158 1212 2197 nunc
1226 2142 1392 2215 Ligus
1411 2159 1501 2197 ora

214 2211 431 2283 intepet,
455 2210 800 2284 hibernatque
817 2231 996 2271 meum
1016 2233 1178 2279 mare,
1202 2233 1310 2288 qua
1330 2215 1467 2271 latus
1486 2217 1675 2290 ingens

215 2284 348 2340 dant
364 2284 582 2357 scopuli,
607 2293 659 2340 et
674 2286 840 2342 multa
860 2288 986 2344 litus
1003 2308 1061 2345 se
1080 2290 1217 2345 valle
1240 2296 1482 2360 receptat.

217 2359 426 2414 »Lunai
445 2367 652 2430 portum
680 2369 759 2415 est
781 2379 966 2434 operae
983 2380 1312 2437 cognoscere,
1339 2363 1542 2417 cives.«

218 2432 322 2489 Cor
338 2431 485 2488 iubet
506 2433 604 2488 hoc
620 2434 783 2500 Enni,
806 2444 1088 2509 postquam
1106 2434 1382 2491 destertuit
1396 2451 1514 2490 esse
1760 2449 1813 2493 10

217 2507 534 2571 Maeonides,
558 2506 787 2573 Quintus
805 2526 1011 2578 pavone
1034 2528 1102 2565 ex
1119 2509 1463 2581 Pythagoreo.

217 2582 316 2636 Hic
336 2598 435 2654 ego
452 2597 671 2636 securus
688 2581 855 2653 vulgi,
875 2584 1077 2654 etquid
1094 2589 1363 2652 praeparet
1378 2582 1571 2639 Auster

218 2654 402 2711 infelix
424 2655 631 2727 pecori:
672 2670 890 2708 securus
907 2662 974 2719 et,
999 2654 1230 2727 angulus
1248 2654 1340 2711 ille

218 2730 380 2786 vicini
400 2736 579 2786 nostro
593 2728 722 2799 quia
741 2727 1006 2802 pinguior.
1062 2728 1179 2783 Etsi
1197 2728 1328 2785 adeo
1344 2745 1527 2786 omnes
