2209 3217
581 283 649 338 24
1143 287 1212 335 Δ.
1250 286 1511 333 Pnnsn
1533 323 1546 336 ,

477 400 554 444 150
585 387 860 452 nutrieras,
885 392 1104 461 pergant
1124 385 1307 441 avidos
1323 384 1805 441 sudaredeunoes?

585 459 807 534 Indulge
822 462 1006 535 genio:
1043 477 1324 532 carpamus
1342 458 1546 514 dulcia:
1589 467 1830 515 nostrum
1848 467 1943 527 est,

586 534 731 607 quod
750 535 916 591 vivis:
957 535 1094 589 cinis
1114 541 1165 588 et
1183 549 1367 587 manes
1383 541 1436 588 et
1452 532 1631 588 fabula
1650 534 1772 601 fies3

587 610 709 668 vive
727 626 930 666 memor
942 608 1063 680 ,letiz
1103 606 1244 680 fugit
1259 607 1415 735 hsta:
1457 606 1575 672 hoc,
1601 608 1746 678 quod
1765 608 1973 680 loquor,
1998 608 2085 664 in-

1080 693 1087 694 ’
1187 709 1192 714 ·
1317 698 1347 736 e
1369 688 1466 736 est.
1479 701 1592 736 «—

660 758 744 813 En
754 756 885 829 quid
894 756 1008 829 agis
1016 753 1262 826 ‘fDuplici
1273 755 1329 809 in
1340 755 1614 811 diversum
1625 754 1881 810 scindetis
1896 756 2081 813 hamo.

481 843 560 886 155
587 832 873 894 Hunccine,
896 847 963 884 an
982 829 1411 901 huncsequeris?
1425 829 1627 885 Subeas
1636 828 1869 884 alternus
1877 839 2085 901 oportet

588 905 804 977 ancipiti
821 904 1075 975 obsequio
1095 903 1339 958 dominos
1353 944 1367 972 ‚
1405 903 1643 971 alternus
1660 903 1890 958 oberres.

588 981 697 1036 Nec
719 986 796 1044 tu,
829 995 1001 1049 quum
1021 977 1287 1033 obstiteris
1306 977 1488 1043 semel,
1521 978 1846 1050 instantique
1868 978 2082 1052 negaris

585 1070 766 1126 parere
788 1053 1033 1124 imperio:
1074 1057 1201 1121 rupi
1217 1057 1327 1107 iam
1341 1053 1583 1108 macula!
1617 1051 1781 1106 dicas.
1840 1066 1849 1074 ·

589 1129 725 1185 Nam
750 1135 801 1184 et
818 1126 1006 1183 luctata
1023 1127 1172 1182 canis
1192 1126 1390 1182 nodum
1412 1125 1632 1196 abripit:
1659 1129 1900 1180 ‘attamen
1919 1125 2021 1192 illi,

481 1212 560 1256 1⁶⁰
592 1218 765 1274 quum
782 1201 937 1275 fugit,
962 1219 992 1256 a
1008 1201 1145 1256 eollo
1160 1200 1385 1256 trahitur
1402 1217 1524 1271 pars
1543 1199 1701 1272 longa
1716 1206 1946 1254 catenae.
1965 1230 2042 1241 —

660 1277 823 1340 Dave,
849 1280 966 1339 cito,
988 1279 1082 1329 hoc
1100 1280 1285 1331 creda
1303 1278 1466 1337 iubeo,
1488 1278 1639 1344 linire
1656 1276 1860 1328 dolores

581 1353 894 1418 praeteritos
910 1353 1144 1403 moditor.
1193 1348 1434 1405 Crudum
1443 1348 1832 1404 Chaerestratus
1841 1363 2082 1421 unguem

588 1421 846 1478 abrodens
863 1421 936 1476 ait
958 1420 1104 1478 haee.
1181 1424 1263 1476 An
1286 1419 1442 1477 siccis
1458 1426 1676 1476 dedecus
1700 1423 1891 1476 obstem

590 1493 860 1565 coartatis?
892 1512 970 1550 an
990 1512 1102 1550 rem
1115 1501 1349 1563 patriam
1366 1512 1575 1550 rumora
1588 1499 1804 1550 sinistro

480 1580 559 1624 165
588 1574 745 1626 limen
760 1573 832 1624 ad
848 1571 1147 1624 obscoenum
1163 1574 1424 1644 frangam,
1447 1573 1569 1624 dum
1592 1567 1865 1637 Chrysidis
1882 1573 2019 1625 udas

588 1647 762 1699 sbrius
778 1651 899 1698 ante
914 1648 1054 1711 [orca
1069 1646 1331 1698 eoestincta
1349 1659 1464 1697 cum
1478 1648 1595 1706 [acc
1614 1640 1805 1697 canto?

588 1718 799 1792 »Euge,
823 1733 975 1788 puer,
1001 1716 1207 1787 sapias:
1248 1716 1332 1772 dis
1351 1715 1735 1787 depellentibus
1754 1732 1950 1788 agnam

586 1788 1988 1940 {3332}ssfmmzssz'zffl‘gzffissffffl
2006 1821 2082 1833 “

482 1950 561 1994 170
589 1957 657 1997 ne
683 1940 942 2011 trepidare
962 1939 1113 2003 velis,
1138 1946 1296 2010 atque
1312 1945 1480 1993 arctos
1498 1937 1679 1992 rodere
1702 1954 1889 1992 casses.

587 2015 743 2070 Nunc
758 2013 904 2069 ferus
912 2020 965 2067 et
979 2011 1209 2067 violens:
1239 2019 1309 2079 at,
1333 2013 1380 2066 si
1390 2019 1554 2077 vocet,
1572 2010 1716 2066 haud
1725 2028 1892 2076 mora,
1905 2010 2080 2067 dicas:

593 2088 853 2154 Quianam
871 2091 1036 2155 igitur
1049 2084 1283 2157 faciam?
1302 2087 1382 2143 No
1400 2103 1555 2150 nunc,
1577 2102 1740 2155 quum
1752 2103 2022 2153 accersor,
2035 2097 2085 2141 ct

1389 2163 1531 2215 ultro

588 2237 858 2304 supplicet,
883 2232 1166 2290 accedam?
1180 2263 1260 2276 —-
1274 2232 1332 2288 Si
1352 2240 1490 2288 totus
1507 2240 1559 2289 et
1575 2233 1777 2306 integer
1801 2233 1953 2289 illinc

588 2309 797 2375 exieris,
808 2325 1120 2373 nuncnunc,
1133 2308 1240 2373 hic,
1250 2307 1356 2373 hic,
1368 2324 1531 2380 quem
1539 2308 1867 2380 quaerimus,
1881 2308 2077 2376 hicest3

485 2394 564 2438 175
596 2400 705 2440 non
725 2384 781 2439 in
805 2383 1020 2447 festuca,
1045 2382 1193 2439 lictor
1211 2399 1376 2454 quam
1396 2382 1549 2437 iactat
1566 2382 1796 2452 ineptus.

662 2459 753 2513 Ius
772 2458 930 2514 habet
944 2456 1033 2511 ille
1050 2458 1137 2512 sui
1154 2456 1329 2528 palpo,
1352 2473 1512 2527 quem
1532 2455 1679 2510 ducit
1699 2454 1935 2511 hiantem

589 2539 777 2587 cretata
796 2530 1014 2587 ambitio
1022 2530 1278 2603 ?»Vigila‚
1299 2537 1351 2586 et
1367 2530 1501 2585 cicer
1517 2530 1697 2602 ingere
1715 2528 1859 2601 large

589 2605 781 2660 rixanti
807 2604 1020 2676 populo,
1045 2611 1221 2659 nostra
1242 2611 1302 2657 ut
1319 2602 1543 2658 Floralia
1564 2602 1770 2674 possint
1788 2658 1801 2671 ,

591 2678 754 2750 aprici
795 2678 1104 2734 meminisse
1120 2693 1292 2733 senes.
1361 2675 1503 2742 Quid
1538 2674 1880 2747 pulchrius&
1904 2707 1985 2720 —
2024 2679 2095 2736 At

1395 2765 1568 2821 quum
