2209 3217
721 269 1009 333 sa‘rmA
1045 287 1176 333 vm.
1631 286 1698 337 95

202 385 472 451 Gaurana,
499 392 552 440 et
569 385 749 441 Cosmi
770 393 876 439 toto
896 392 1164 456 mergatur
1182 397 1329 440 aeno.

199 461 515 532 Exspectata
533 460 631 515 diu
649 459 859 514 tandem
876 458 1146 531 provincia
1163 475 1334 529 quum
1356 470 1405 514 te

200 543 454 592 rectorem
478 535 710 606 accipiet,
734 551 871 605 pone
895 535 1002 588 irae
1019 532 1165 587 frena
1184 533 1529 604 modumque,

202 625 342 679 pone
358 616 413 663 et
435 609 710 677 avaritiae;
753 609 1001 663 miserere
1019 609 1241 679 inopum
1259 608 1541 662 sociorum.

203 682 340 738 Ossa
358 681 510 737 vides
528 699 714 757 regum
730 684 914 738 vacuis
931 690 1149 737 exsucta
1167 681 1434 737 medullis
1756 700 1808 740 ⁹0

200 757 441 829 Respice,
465 757 598 828 quid
614 766 863 813 moneant
882 756 1042 831 leges,
1066 756 1200 828 quid
1219 758 1366 812 curia
1391 758 1622 823 mandet,

200 832 440 903 praemia
460 839 655 902 quanta
674 833 840 887 bonos
856 834 1125 898 msseanss
1148 848 1312 903 quam
1331 831 1559 887 fulmine
1579 834 1715 889 iusto

202 912 255 961 et
272 906 459 976 Capito
476 913 527 959 et
545 906 707 961 Tutor
723 906 941 970 ruerint,
965 906 1250 961 damnante
1271 914 1477 971 senatu,

203 981 406 1052 piratae
422 978 668 1035 Cilicum.
725 980 827 1036 Sed
846 980 978 1052 quid
997 979 1266 1035 damnatio
1289 980 1508 1045 confert,

204 1070 379 1127 quum
401 1054 569 1108 Pansa
588 1053 794 1125 eripiat,
818 1053 1084 1127 quidquid
1105 1055 1203 1109 tibi
1222 1057 1375 1109 Natta
1394 1054 1647 1126 reliquit?
1757 1068 1808 1110 95

202 1130 537 1193 Praeconem,
559 1128 864 1200 Chaerippo,
888 1130 994 1184 tuis
1014 1128 1361 1199 circumspice
1375 1130 1589 1200 pannis,

204 1204 424 1275 iamque
450 1211 575 1257 tace.
651 1203 822 1258 Furor
853 1210 951 1268 est,
985 1210 1106 1330 plost
1133 1203 1313 1257 omnia
1331 1202 1547 1274 perdere
1564 1221 1698 1259 nau-

1033 1293 1149 1330 um.

203 1354 326 1407 Non
340 1342 488 1406 'idem
511 1352 742 1425 gemitus
759 1348 888 1404 olim
909 1365 1005 1404 nec
1021 1349 1225 1405 vulnus
1244 1358 1353 1406 erat
1371 1369 1468 1423 par

201 1426 540 1486 damnorum,
563 1425 721 1479 sociis
739 1422 1065 1491 florentibus,
1086 1432 1139 1480 et
1159 1425 1315 1481 modo
1333 1427 1506 1483 victis.

204 1500 366 1555 Plena
384 1498 575 1554 domus
596 1507 724 1555 tunc
740 1499 915 1554 omnis
935 1506 985 1554 et
1003 1499 1195 1574 ingens
1216 1501 1390 1557 stabat
1404 1517 1628 1558 acervus
1729 1513 1806 1555 100

204 1590 511 1637 mimorum,
535 1572 788 1645 Spartana
805 1572 1064 1649 chlamys,
1088 1575 1347 1631 conchilia
1365 1577 1490 1642 Coa,

200 1657 254 1703 et
275 1664 403 1703 cum
423 1648 682 1702 Parrhasii
708 1647 905 1703 tabulis
925 1649 1206 1721 signisque
1229 1651 1478 1724 Myronis-

202 1721 516 1778 Pbidiacum
538 1722 753 1776 vivebat
768 1722 920 1786 ebur,
948 1738 1046 1777 nec
1064 1739 1171 1777 non
1192 1723 1443 1796 Polycleti

202 1796 411 1852 multus
430 1794 630 1865 ubique
648 1794 824 1849 labor:
866 1811 1012 1848 rarae
1030 1795 1149 1851 sine
1170 1796 1403 1850 Mentore
1421 1792 1650 1851 mensae.

201 1871 333 1927 Inde
349 1867 617 1923 Dolabella
633 1874 713 1921 est
731 1875 890 1938 atque
902 1866 1031 1921 hinc
1049 1866 1331 1933 Antonius,
1354 1867 1480 1924 inde
1730 1882 1805 1924 105

202 1944 497 2014 sacrilegus
515 1941 721 1996 Verres.
777 1939 1090 1995 Referebant
1108 1941 1340 1997 navibus
1358 1941 1479 1998 altis

200 2018 406 2075 occulta
430 2014 597 2087 spolia
617 2023 669 2070 et
684 2014 865 2088 plures
883 2014 951 2069 de
965 2027 1093 2087 paoe
1110 2016 1432 2089 triumphos.

201 2097 360 2167 Nunc
385 2090 545 2148 sociis
571 2091 696 2166 iuga
722 2106 889 2164 pauca
914 2090 1079 2145 boum
1098 2099 1151 2146 et
1165 2107 1297 2166 grex
1316 2107 1515 2166 parvus
1532 2110 1696 2165 equa-

1014 2181 1168 2235 rum3

200 2251 253 2299 et
277 2248 425 2314 pater
440 2242 665 2298 armenti
682 2247 832 2313 capto
855 2241 1107 2313 eripietur
1123 2241 1319 2316 agellor,

205 2318 308 2390 ipsi
325 2316 517 2371 deinde
531 2316 706 2381 Lares,
730 2317 778 2371 si
796 2317 942 2388 quod
958 2316 1248 2389 spectabile
1263 2318 1501 2391 signum,
1727 2328 1805 2371 110

201 2394 248 2447 si
270 2391 396 2464 quis
415 2392 472 2446 in
490 2390 721 2446 aedicula
745 2391 879 2446 deus
898 2408 1062 2447 unus.
1106 2389 1266 2467 [Haec
1278 2391 1471 2447 etenim
1490 2397 1617 2445 sunt
1835 2433 1840 2440 .

200 2483 299 2538 pro
317 2462 575 2521 summis:
608 2483 731 2520 nam
752 2473 881 2521 sunt
896 2465 1027 2521 haec
1041 2466 1300 2521 maxima.
1362 2465 1696 2536 Despiciastu

201 2542 419 2597 forsitan
439 2538 680 2594 imbelles
698 2539 931 2594 RBodios
946 2548 1272 2611 unctamque
1396 2540 1605 2595 inthum
1624 2562 1635 2594 ε

197 2615 463 2689 despicias
485 2613 695 2674 merito,
750 2613 895 2680 Quid
914 2614 1140 2669 resinata
1165 2614 1419 2669 iuventus

199 2705 465 2762 cruraque
480 2690 645 2743 totius
666 2686 853 2742 facient
871 2687 968 2742 tibi
988 2686 1124 2743 levia
1211 2687 1355 2742 ntis?
1727 2699 1805 2740 115

201 2764 421 2822 Horrida
439 2762 656 2818 vitanda
674 2770 754 2818 est
777 2762 1048 2834 Hispania,
1073 2763 1154 2819 Ga
1177 2763 1310 2819 licus
1329 2764 1462 2828 axis,
