2209 3217
502 266 568 319 42
1024 266 1213 316 mvn
1223 267 1450 315 NALIS

501 370 646 436 Quae
662 384 822 423 causa
843 365 1040 423 officii?
1080 368 1221 435 Quia
1235 364 1490 439 quaeris?
1525 368 1673 421 nubit
1688 370 1915 434 amicus,

390 455 470 500 135
497 461 590 499 nec
608 446 796 498 multos
819 446 1043 497 adhibet.
1083 444 1266 497 Liceat
1288 446 1439 496 modo
1454 446 1655 496 vivere:
1693 445 1836 510 fient,

484 524 630 588 sient
647 522 751 572 ista
763 520 962 586 palam,
986 522 1193 584 cupient
1212 526 1262 571 et
1279 521 1337 571 in
1355 525 1479 571 acta
1500 520 1706 585 referri.

497 594 707 648 Interea
725 600 1030 646 tormentum
1047 595 1230 659 ingens
1245 593 1760 653 nubentibua‘haeret,

501 670 639 737 quod
658 674 914 735 nequeunt
925 682 1119 734 parere
1139 673 1187 719 et
1199 673 1364 733 partu
1382 669 1606 719 retinere
1626 670 1867 722 maritos.

504 742 608 797 Sed
625 744 825 804 melina,
846 743 984 810 quod
1001 743 1081 794 m'l
1102 743 1297 794 animis
1314 743 1371 794 in
1392 742 1605 806 demere
1624 742 1761 792 iuria

393 824 473 871 140
499 825 697 871 natura
714 818 966 883 indulyet.
1025 813 1243 870 Sterilea
1258 818 1562 877 morientur,
1584 821 1635 866 et
1649 815 1761 867 illis

503 893 714 959 turyida
727 893 1047 957 nonprodeat
1066 892 1275 943 condita
1289 892 1488 957 pyxide
1505 888 1665 955 Lyde,

502 982 596 1020 nec
610 966 821 1032 prodeat
838 966 970 1032 ayili
979 966 1190 1031 palmas
1202 966 1455 1031 praebere
1472 963 1725 1030 Luperco.

480 1043 499 1054 ‘
579 1038 717 1094 Vicit
738 1045 790 1092 et
806 1037 907 1092 hoc
931 1043 1229 1092 monstrum
1249 1036 1467 1091 tunicati
1491 1035 1695 1090 fuscina
1714 1033 1980 1102 Gracchi,

503 1113 852 1184 lustravitque
870 1110 995 1186 suga
1016 1110 1246 1166 mediam
1269 1110 1527 1184 gladiator
1545 1126 1777 1178 arenam,

398 1196 476 1243 145
504 1195 557 1243 et
575 1186 885 1257 Capitolinis
900 1186 1204 1259 generosior
1221 1193 1274 1240 et
1290 1183 1550 1241 Marcellis

501 1269 552 1317 et
577 1259 797 1325 Catulis,
819 1260 1129 1332 Paullisque
1146 1260 1444 1315 minoribus
1462 1267 1514 1314 et
1531 1258 1711 1314 Fabiis
1729 1264 1781 1313 et

502 1334 755 1391 omnibus
783 1334 849 1389 ad
873 1334 1095 1406 podium
1116 1335 1492 1406 spectantibus.
1570 1334 1662 1388 His
1682 1333 1802 1389 licet
1819 1332 2006 1405 ipsum

504 1410 803 1474 admoveas,
826 1409 982 1464 cuius
997 1415 1128 1464 tunc
1144 1425 1365 1465 munere
1392 1409 1518 1465 retia
1543 1410 1708 1463 misit.

577 1485 711 1539 Esse
728 1482 932 1553 aliquid
949 1483 1132 1539 Manes
1151 1489 1203 1537 et
1219 1484 1556 1539 subterranea
1580 1500 1760 1556 regna,

396 1572 475 1615 150
502 1567 554 1616 et
570 1565 806 1623 contum,
831 1566 883 1612 et
899 1555 1084 1631 Stygio
1105 1575 1262 1613 ranas
1280 1559 1336 1614 in
1355 1559 1568 1636 gurgite
1584 1558 1782 1631 nigras,

505 1642 665 1706 atque
687 1648 793 1687 una
810 1633 1035 1688 transire
1053 1632 1254 1689 vadum
1275 1640 1348 1688 tot
1364 1633 1531 1688 millia
1549 1633 1760 1706 cymba,
1981 1692 1990 1696 ,

507 1725 605 1765 nec
630 1708 780 1779 pueri
807 1705 1045 1775 credunt,
1076 1708 1184 1763 nisi
1210 1709 1307 1780 qui
1342 1708 1577 1764 nondum
1596 1724 1714 1762 aere
1732 1706 2004 1762 lavantur.

507 1783 612 1840 Sed
630 1792 689 1839 tu
708 1799 832 1839 vera
850 1789 1006 1855 puta:
1049 1782 1245 1839 Curius
1263 1783 1399 1856 quid
1416 1783 1591 1847 sentit,
1615 1789 1666 1837 et
1683 1782 1842 1836 ambo

505 1857 793 1930 Scipiadae,
817 1858 953 1931 quid
969 1858 1245 1914 Fabricius
1264 1874 1554 1929 manesque
1572 1855 1800 1920 Camilli,

398 1946 476 1988 155
504 1933 639 2006 quid
655 1932 928 1989 Cremerae
953 1932 1108 2006 legio,
1143 1941 1196 1989 et
1214 1932 1413 1989 Cannis
1432 1938 1706 1987 consumta
1724 1932 2001 1988 iuventus.

505 2014 581 2062 tot
597 2005 858 2062 bellorum
878 2007 1105 2073 animae,
1135 2008 1342 2079 quoties
1361 2007 1488 2062 bino
1508 2006 1627 2061 talis
1647 2006 1714 2062 ad
1741 2005 1861 2060 illos
1897 2051 1904 2058 .

507 2080 701 2138 umbra
717 2079 901 2136 venit?
937 2080 1202 2152 Cuperent
1218 2081 1448 2147 lustrari,
1472 2082 1517 2137 si
1537 2098 1644 2153 qua
1658 2080 1912 2137 darentur

505 2155 766 2228 sulphura
783 2171 907 2210 cum
925 2155 1111 2221 taedis,
1134 2164 1186 2210 et
1204 2156 1252 2209 si
1272 2156 1403 2211 soret
1419 2155 1641 2211 humida
1663 2154 1866 2212 laurus.

506 2231 640 2289 Illuc
657 2230 761 2286 heu
778 2231 790 2284 1
831 2229 1012 2284 miseri
1029 2230 1381 2286 traducimur.
1446 2231 1608 2286 Arma
1628 2230 1846 2302 quidem
1865 2231 2008 2288 ultra

398 2317 478 2361 160
507 2306 658 2362 litora
677 2306 931 2360 Iuvernae
946 2306 1331 2376 promovimus,
1355 2313 1407 2360 et
1426 2306 1585 2360 modo
1603 2312 1780 2375 captas

506 2379 754 2446 Orcadas,
775 2396 837 2435 ac
851 2379 1075 2436 minima
1090 2387 1363 2436 contentos
1381 2389 1530 2435 nocte
1545 2381 1850 2435 Britannos:

506 2454 601 2510 sed
618 2472 757 2527 quae
774 2472 921 2510 nunc
936 2454 1120 2527 populi
1143 2454 1278 2510 fiunt
1294 2456 1505 2511 victoris
1523 2456 1580 2509 iu
1599 2454 1751 2520 urbe,

506 2546 617 2585 non
634 2528 835 2585 faciunt
852 2529 950 2595 illi,
974 2546 1113 2602 quos
1133 2529 1381 2584 vicimus.
1443 2531 1513 2585 Et
1529 2537 1704 2584 tamen
1724 2546 1871 2585 unus

507 2604 795 2659 Armenius
811 2604 1012 2659 Zalates
1028 2604 1234 2659 cunetis
1252 2613 1493 2660 narratur
1517 2603 1736 2675 ephebis

401 2688 480 2733 165
508 2675 718 2732 mollior
737 2676 939 2732 ardenti
958 2695 1073 2733 sese
1090 2677 1379 2733 indulsisse
1394 2678 1651 2733 Tribuno.

510 2750 753 2822 Adspice,
782 2750 917 2823 quid
934 2751 1129 2808 faciant
1146 2752 1485 2808 commercia!
1529 2752 1752 2808 Venerat
1768 2752 1945 2811 obses.

2171 485 2197 766 ⁴—h-v.2-
