2209 3217
703 292 990 342 sA‘rIRA
1034 292 1099 339 V.
1570 292 1637 346 23

18 417 21 422 ·
138 391 350 447 haereat
370 389 427 446 in
448 389 625 445 stultis
642 391 822 447 brevis
840 397 904 446 ut
920 392 1192 446 semuncia
1207 395 1344 449 recti.

138 468 277 520 Haec
295 465 520 520 miscere
543 464 710 531 nefas,
734 482 819 530 ne,
837 481 1010 537 quum
1029 467 1107 538 sis
1126 473 1323 522 caetera
1339 467 1524 535 fossor,

138 540 238 593 tris
256 546 468 593 tantum
489 538 557 594 ad
576 555 826 594 numeros
843 540 1006 614 satyri
1027 557 1270 596 moveare
1292 542 1538 616 Bathylli.

146 615 298 668 Liber
333 630 446 681 eqo.
474 643 552 655 —
578 613 725 669 Unde
752 615 935 669 datum
961 614 1063 669 hoc
1088 616 1290 741 sgmis,
1332 623 1405 670 tot
1427 617 1635 674 subdite

949 689 1111 743 rebus

142 760 223 815 An
240 760 526 814 dominum
545 759 775 834 ignoras,
801 762 905 816 nisi
921 778 1084 833 quem
1110 762 1339 818 vindicta
1359 762 1592 820 relaxat?
1664 777 1742 820 125

139 835 202 888 »1
217 850 369 905 puer,
398 841 451 888 et
469 834 696 908 strigiles
716 836 947 907 Crispini
967 836 1034 890 ad
1053 836 1238 893 balnea
1258 837 1469 893 deferl«

140 908 188 962 si
205 908 495 978 increpuit:
535 925 744 964 »cessas
763 908 1055 982 nugator&
1074 912 1350 967 servitium
1369 929 1486 968 acre

136 988 190 1036 te
208 981 346 1036 nihil
370 981 612 1054 impellit,
638 1000 735 1038 nec
751 984 1047 1055 quidquam
1063 986 1389 1041 extrinsecam
1408 987 1585 1053 intrat,

139 1055 287 1126 quod
306 1073 496 1110 nervos
516 1056 711 1130 agitet?
744 1057 847 1112 Sed
865 1059 912 1112 si
933 1058 1076 1113 intus
1095 1067 1147 1114 et
1171 1060 1228 1114 in
1248 1060 1416 1116 iecore
1430 1078 1587 1135 aegro

139 1137 437 1184 nascuntur
459 1129 662 1185 domini
679 1151 691 1164 ·
730 1133 828 1203 qui
845 1140 910 1186 tu
932 1133 1245 1203 impunitior
1268 1134 1403 1199 exis,
1659 1147 1740 1191 130

135 1211 299 1276 atque
315 1203 422 1269 bic,
446 1220 609 1277 quem
631 1204 697 1259 ad
713 1206 944 1280 strigiles
962 1207 1159 1333 stlmt‘gca
1176 1214 1229 1261 et
1244 1214 1414 1264 metus
1421 1209 1632 1284 egitbe·

946 1298 994 1333 n
1016 1298 1062 1334 ιε
1114 1311 1194 1324 —-

136 1351 297 1406 Hane
306 1351 466 1425 piger
482 1353 680 1408 stertis.
744 1353 1001 1428 »Surge«,
1027 1355 1205 1426 inquit
1228 1357 1471 1413 avaritia:
1512 1360 1628 1416 »eia

134 1426 328 1499 surgel
345 1446 375 1479 ι
415 1427 610 1500 Negas.
660 1429 840 1494 Instat,
881 1445 1077 1502 »surge
1091 1430 1103 1484 1
1115 1451 1144 1483 α
1188 1431 1383 1503 inquit.
1403 1459 1481 1476 --
1502 1435 1623 1488 Nom

942 1521 1085 1572 queo.
1107 1533 1185 1546 —-
1202 1504 1407 1580 »Surge
1420 1506 1433 1560 l
1446 1526 1473 1559 α
1487 1536 1565 1549 -

130 1573 200 1628 Et
224 1578 359 1643 quid
384 1573 576 1643 aqam?
592 1606 668 1618 —
690 1576 977 1652 »Rogitas‘P
1017 1594 1084 1633 en
1112 1579 1388 1650 saperdam
1406 1580 1610 1636 advehe

574 1661 581 1666 ‘
940 1653 1126 1715 Ponto,
1281 1659 1284 1664 ⁴

131 1727 447 1785 castoreum,
471 1729 707 1793 stuppas,
729 1724 979 1789 ebenum,
1002 1726 1149 1788 thus,
1173 1723 1378 1779 lubrica
1400 1725 1526 1781 Coa.
1659 1738 1738 1782 135

128 1793 277 1849 Tolle
292 1811 476 1849 recens
495 1798 704 1866 primus
727 1798 878 1867 piper
894 1815 926 1852 e
949 1797 1158 1850 sitiente
1173 1797 1392 1852 camelo·

130 1868 285 1923 Verte
302 1868 532 1939 aliquid,
554 1869 686 1921 iura.
698 1888 811 1920 α-
828 1870 1429 1936 ὃοαΙυρίεοναιιάἰεε.-
1444 1871 1646 1936 »Ehem

128 1942 279 2008 bare,
299 1947 633 2014 regustatum
657 1940 822 2014 digito
836 1942 1096 1997 terebrare
1114 1940 1346 1998 salinum
1418 1959 1426 1966 ·

127 2024 411 2072 contentus
428 2031 666 2087 perageS,
691 2016 738 2069 si
758 2015 938 2070 vivere
952 2032 1077 2070 cum
1100 2018 1221 2073 Iove
1236 2017 1462 2075 tenditur
1479 2051 1556 2065 —-

127 2092 241 2147 Iam
266 2090 451 2163 pueris
469 2088 661 2162 pellem
684 2090 981 2145 succinctus
1000 2092 1415 2164 etoenophorum
1433 2103 1615 2166 aptas:
1656 2105 1735 2151 140

132 2166 297 2222 Ocius
313 2169 388 2219 ad
405 2166 619 2220 navem!
635 2195 711 2207 —
731 2163 877 2220 Nihil
896 2165 1084 2232 obstat,
1107 2167 1242 2238 quin
1261 2169 1408 2224 trabe
1426 2178 1571 2225 vasta

130 2240 403 2312 Aegaeum
424 2239 616 2310 rapias,
642 2239 746 2293 nisi
767 2238 951 2294 sollers
970 2239 1180 2296 luxuria
1203 2249 1323 2298 ante

129 2314 413 2369 seductum
432 2321 667 2368 moneat:
709 2313 861 2380 »Quo
877 2314 1065 2369 deinde
1083 2317 1267 2390 insane
1285 2315 1437 2371 ruis?
1472 2318 1619 2390 quo?

129 2386 277 2454 Quid
300 2388 398 2441 tibi
424 2386 544 2443 vis?
580 2387 763 2443 Calido
780 2388 884 2444 sub
901 2398 1105 2462 pectore
1122 2390 1359 2446 mascula
1377 2390 1504 2445 bilis

131 2462 410 2526 intumuit,
431 2479 593 2533 quam
613 2480 718 2518 non
743 2464 1053 2520 exstinxerit
1069 2481 1205 2520 urna
1221 2465 1438 2520 cicutae.
1654 2476 1734 2524 145

133 2536 270 2591 Tun'
288 2552 435 2591 mare
450 2536 781 2593 transsilias‘?
815 2538 932 2605 tibi,
953 2546 1087 2596 torta
1105 2537 1343 2593 cannabe
1365 2537 1513 2604 fultm

132 2626 293 2665 coena
310 2611 381 2664 sit
398 2610 454 2665 in
473 2618 699 2666 transtro
710 2611 741 2666 *ἲ
775 2613 1230 2683 Veientanumque
1247 2612 1515 2670 rubellum

133 2683 361 2749 exhalet,
385 2702 449 2739 va
490 2684 576 2739 ida
593 2685 793 2742 laesum
815 2687 947 2759 pice,
991 2686 1176 2743 fissilis
1191 2686 1366 2742 obba?

134 2757 277 2826 Quid
295 2702 490 2832 petis?
504 2766 564 2815 ut
583 2762 753 2830 numi,
774 2779 913 2836 quos
933 2761 1052 2817 heic
1067 2761 1365 2835 quincunce
1381 2761 1617 2818 modesto
