<?xml version="1.0" encoding="UTF-8"?>
<!DOCTYPE html PUBLIC "-//W3C//DTD XHTML 1.0 Transitional//EN"
    "http://www.w3.org/TR/xhtml1/DTD/xhtml1-transitional.dtd">
<html xmlns="http://www.w3.org/1999/xhtml" xml:lang="en" lang="en">
 <head>
  <title>
</title>
<meta http-equiv="Content-Type" content="text/html;charset=utf-8" />
  <meta name='ocr-system' content='tesseract 3.04.00' />
  <meta name='ocr-capabilities' content='ocr_page ocr_carea ocr_par ocr_line ocrx_word'/>
</head>
<body>
  <div class='ocr_page' id='page_1' title='image "apersiiflacciet02weisgoog_0145.png"; bbox 0 0 2209 3217; ppageno 0'>
   <div class='ocr_carea' id='block_1_1' title="bbox 730 296 1698 349">
    <p class='ocr_par' dir='ltr' id='par_1_1' title="bbox 730 296 1698 349">
     <span class='ocr_line' id='line_1_1' title="bbox 730 296 1698 349; baseline 0.006 -6"><span class='ocrx_word' id='word_1_1' title='bbox 730 296 1021 344; x_wconf 74' lang='lat' dir='ltr'><strong>sATmA</strong></span> <span class='ocrx_word' id='word_1_2' title='bbox 1056 299 1192 345; x_wconf 84' lang='lat' dir='ltr'><strong>xm.</strong></span> <span class='ocrx_word' id='word_1_3' title='bbox 1602 296 1698 349; x_wconf 70' lang='grc'><strong>433</strong></span> 
     </span>
    </p>
   </div>
   <div class='ocr_carea' id='block_1_2' title="bbox 189 395 1804 2855">
    <p class='ocr_par' dir='ltr' id='par_1_2' title="bbox 190 395 1804 2554">
     <span class='ocr_line' id='line_1_2' title="bbox 200 395 1804 474; baseline 0.002 -21"><span class='ocrx_word' id='word_1_4' title='bbox 200 395 526 453; x_wconf 86' lang='lat' dir='ltr'><strong>conductum</strong></span> <span class='ocrx_word' id='word_1_5' title='bbox 548 396 822 462; x_wconf 84' lang='lat' dir='ltr'><strong>latronem,</strong></span> <span class='ocrx_word' id='word_1_6' title='bbox 846 396 1087 452; x_wconf 85' lang='lat' dir='ltr'><strong>incendia</strong></span> <span class='ocrx_word' id='word_1_7' title='bbox 1114 395 1370 469; x_wconf 80' lang='lat' dir='ltr'><strong>sulphure</strong></span> <span class='ocrx_word' id='word_1_8' title='bbox 1386 409 1561 474; x_wconf 76' lang='lat' dir='ltr'><strong>coepta</strong></span> <span class='ocrx_word' id='word_1_9' title='bbox 1727 410 1804 458; x_wconf 69' lang='lat' dir='ltr'><strong>ss!</strong></span> 
     </span>
     <span class='ocr_line' id='line_1_3' title="bbox 201 471 1529 547; baseline 0.002 -21"><span class='ocrx_word' id='word_1_10' title='bbox 201 479 361 544; x_wconf 86' lang='lat' dir='ltr'><strong>atque</strong></span> <span class='ocrx_word' id='word_1_11' title='bbox 380 471 519 537; x_wconf 87' lang='lat' dir='ltr'><strong>dolo,</strong></span> <span class='ocrx_word' id='word_1_12' title='bbox 543 472 744 543; x_wconf 88' lang='lat' dir='ltr'><strong>primos</strong></span> <span class='ocrx_word' id='word_1_13' title='bbox 764 488 934 544; x_wconf 88' lang='lat' dir='ltr'><strong>quum</strong></span> <span class='ocrx_word' id='word_1_14' title='bbox 954 473 1114 528; x_wconf 87' lang='lat' dir='ltr'><strong>ianua</strong></span> <span class='ocrx_word' id='word_1_15' title='bbox 1138 472 1336 545; x_wconf 80' lang='lat' dir='ltr'><strong>colligit</strong></span> <span class='ocrx_word' id='word_1_16' title='bbox 1352 474 1529 547; x_wconf 80' lang='lat' dir='ltr'><strong>ignes3</strong></span> 
     </span>
     <span class='ocr_line' id='line_1_4' title="bbox 200 545 1564 621; baseline 0.001 -20"><span class='ocrx_word' id='word_1_17' title='bbox 200 545 382 601; x_wconf 77' lang='lat' dir='ltr'><strong>confer</strong></span> <span class='ocrx_word' id='word_1_18' title='bbox 404 554 457 601; x_wconf 90' lang='lat' dir='ltr'><strong>et</strong></span> <span class='ocrx_word' id='word_1_19' title='bbox 473 547 589 611; x_wconf 88' lang='lat' dir='ltr'><strong>hos,</strong></span> <span class='ocrx_word' id='word_1_20' title='bbox 613 547 803 602; x_wconf 83' lang='lat' dir='ltr'><strong>veteris</strong></span> <span class='ocrx_word' id='word_1_21' title='bbox 821 548 916 618; x_wconf 91' lang='lat' dir='ltr'><strong>qui</strong></span> <span class='ocrx_word' id='word_1_22' title='bbox 936 547 1130 602; x_wconf 80' lang='lat' dir='ltr'><strong>tollunt</strong></span> <span class='ocrx_word' id='word_1_23' title='bbox 1143 548 1364 621; x_wconf 80' lang='lat' dir='ltr'>grandia</span> <span class='ocrx_word' id='word_1_24' title='bbox 1384 549 1564 621; x_wconf 88' lang='lat' dir='ltr'><strong>templi</strong></span> 
     </span>
     <span class='ocr_line' id='line_1_5' title="bbox 198 620 1433 696; baseline 0.001 -21"><span class='ocrx_word' id='word_1_25' title='bbox 198 620 411 692; x_wconf 87' lang='lat' dir='ltr'><strong>pocula,</strong></span> <span class='ocrx_word' id='word_1_26' title='bbox 435 620 726 676; x_wconf 77' lang='lat' dir='ltr'><strong>adorandae</strong></span> <span class='ocrx_word' id='word_1_27' title='bbox 744 622 1023 696; x_wconf 81' lang='lat' dir='ltr'><strong>robiginis,</strong></span> <span class='ocrx_word' id='word_1_28' title='bbox 1044 628 1096 677; x_wconf 89' lang='lat' dir='ltr'><strong>et</strong></span> <span class='ocrx_word' id='word_1_29' title='bbox 1114 621 1433 693; x_wconf 85' lang='lat' dir='ltr'><strong>populorum</strong></span> 
     </span>
     <span class='ocr_line' id='line_1_6' title="bbox 198 694 1337 771; baseline 0.002 -21"><span class='ocrx_word' id='word_1_30' title='bbox 198 695 341 751; x_wconf 81' lang='lat' dir='ltr'><strong>dona</strong></span> <span class='ocrx_word' id='word_1_31' title='bbox 360 694 444 751; x_wconf 85' lang='lat' dir='ltr'><strong>vel</strong></span> <span class='ocrx_word' id='word_1_32' title='bbox 464 695 681 768; x_wconf 87' lang='lat' dir='ltr'><strong>antiquo</strong></span> <span class='ocrx_word' id='word_1_33' title='bbox 698 697 894 767; x_wconf 81' lang='lat' dir='ltr'><strong>positas</strong></span> <span class='ocrx_word' id='word_1_34' title='bbox 913 715 943 752; x_wconf 83' lang='lat' dir='ltr'><strong>a</strong></span> <span class='ocrx_word' id='word_1_35' title='bbox 964 714 1085 771; x_wconf 79' lang='lat' dir='ltr'><strong>rege</strong></span> <span class='ocrx_word' id='word_1_36' title='bbox 1103 713 1337 752; x_wconf 87' lang='lat' dir='ltr'><strong>coronas.</strong></span> 
     </span>
     <span class='ocr_line' id='line_1_7' title="bbox 197 769 1804 845; baseline 0.002 -20"><span class='ocrx_word' id='word_1_37' title='bbox 197 769 340 825; x_wconf 85' lang='lat' dir='ltr'><strong>Haec</strong></span> <span class='ocrx_word' id='word_1_38' title='bbox 364 769 441 824; x_wconf 80' lang='lat' dir='ltr'><strong>ihi</strong></span> <span class='ocrx_word' id='word_1_39' title='bbox 460 770 631 825; x_wconf 87' lang='lat' dir='ltr'><strong>sinon</strong></span> <span class='ocrx_word' id='word_1_40' title='bbox 650 779 797 836; x_wconf 88' lang='lat' dir='ltr'><strong>sunt,</strong></span> <span class='ocrx_word' id='word_1_41' title='bbox 824 771 999 826; x_wconf 89' lang='lat' dir='ltr'><strong>minor</strong></span> <span class='ocrx_word' id='word_1_42' title='bbox 1015 778 1185 827; x_wconf 80' lang='lat' dir='ltr'><strong>exstat</strong></span> <span class='ocrx_word' id='word_1_43' title='bbox 1207 771 1514 845; x_wconf 81' lang='lat' dir='ltr'><strong>sacrilegus,</strong></span> <span class='ocrx_word' id='word_1_44' title='bbox 1539 772 1634 844; x_wconf 89' lang='lat' dir='ltr'><strong>qui</strong></span> <span class='ocrx_word' id='word_1_45' title='bbox 1729 784 1804 828; x_wconf 74' lang='lat'><strong>15⁰</strong></span> 
     </span>
     <span class='ocr_line' id='line_1_8' title="bbox 198 843 1534 917; baseline 0.001 -19"><span class='ocrx_word' id='word_1_46' title='bbox 198 844 354 899; x_wconf 80' lang='lat' dir='ltr'><strong>radat</strong></span> <span class='ocrx_word' id='word_1_47' title='bbox 375 844 601 900; x_wconf 84' lang='lat' dir='ltr'><strong>inaurati</strong></span> <span class='ocrx_word' id='word_1_48' title='bbox 619 843 793 900; x_wconf 85' lang='lat' dir='ltr'><strong>femur</strong></span> <span class='ocrx_word' id='word_1_49' title='bbox 811 845 1067 911; x_wconf 83' lang='lat' dir='ltr'><strong>Herculis,</strong></span> <span class='ocrx_word' id='word_1_50' title='bbox 1089 854 1143 901; x_wconf 87' lang='lat' dir='ltr'><strong>et</strong></span> <span class='ocrx_word' id='word_1_51' title='bbox 1159 845 1343 901; x_wconf 75' lang='lat' dir='ltr'><strong>faciem</strong></span> <span class='ocrx_word' id='word_1_52' title='bbox 1365 846 1534 917; x_wconf 84' lang='lat' dir='ltr'><strong>ipsam</strong></span> 
     </span>
     <span class='ocr_line' id='line_1_9' title="bbox 196 918 1438 994; baseline 0.001 -20"><span class='ocrx_word' id='word_1_53' title='bbox 196 918 463 991; x_wconf 83' lang='lat' dir='ltr'><strong>Neptuni:</strong></span> <span class='ocrx_word' id='word_1_54' title='bbox 503 919 599 991; x_wconf 89' lang='lat' dir='ltr'><strong>qui</strong></span> <span class='ocrx_word' id='word_1_55' title='bbox 617 919 929 994; x_wconf 80' lang='lat' dir='ltr'><strong>bracteolam</strong></span> <span class='ocrx_word' id='word_1_56' title='bbox 949 920 1014 975; x_wconf 89' lang='lat' dir='ltr'><strong>de</strong></span> <span class='ocrx_word' id='word_1_57' title='bbox 1035 921 1246 977; x_wconf 84' lang='lat' dir='ltr'><strong>Castore</strong></span> <span class='ocrx_word' id='word_1_58' title='bbox 1261 921 1438 976; x_wconf 85' lang='lat' dir='ltr'><strong>ducat.</strong></span> 
     </span>
     <span class='ocr_line' id='line_1_10' title="bbox 196 992 1542 1050; baseline 0 -3"><span class='ocrx_word' id='word_1_59' title='bbox 196 993 282 1049; x_wconf 87' lang='lat' dir='ltr'><strong>An</strong></span> <span class='ocrx_word' id='word_1_60' title='bbox 303 992 512 1048; x_wconf 88' lang='lat' dir='ltr'><strong>dubitet</strong></span> <span class='ocrx_word' id='word_1_61' title='bbox 558 994 746 1048; x_wconf 84' lang='lat' dir='ltr'><strong>solitus</strong></span> <span class='ocrx_word' id='word_1_62' title='bbox 766 1000 931 1049; x_wconf 87' lang='lat' dir='ltr'><strong>totum</strong></span> <span class='ocrx_word' id='word_1_63' title='bbox 953 994 1177 1050; x_wconf 84' lang='lat' dir='ltr'><strong>conflare</strong></span> <span class='ocrx_word' id='word_1_64' title='bbox 1195 994 1542 1049; x_wconf 80' lang='lat' dir='ltr'><strong>Tonantem‘?·</strong></span> 
     </span>
     <span class='ocr_line' id='line_1_11' title="bbox 198 1066 1396 1142; baseline 0 -19"><span class='ocrx_word' id='word_1_65' title='bbox 198 1066 396 1123; x_wconf 79' lang='lat' dir='ltr'><strong>Confer</strong></span> <span class='ocrx_word' id='word_1_66' title='bbox 415 1075 466 1122; x_wconf 88' lang='lat' dir='ltr'><strong>et</strong></span> <span class='ocrx_word' id='word_1_67' title='bbox 482 1068 705 1124; x_wconf 79' lang='lat' dir='ltr'><strong>artifices</strong></span> <span class='ocrx_word' id='word_1_68' title='bbox 724 1077 1174 1142; x_wconf 80' lang='lat' dir='ltr'><strong>mercatoremque</strong></span> <span class='ocrx_word' id='word_1_69' title='bbox 1185 1070 1396 1133; x_wconf 80' lang='lat' dir='ltr'><strong>veneni,</strong></span> 
     </span>
     <span class='ocr_line' id='line_1_12' title="bbox 195 1141 1801 1216; baseline -0.001 -19"><span class='ocrx_word' id='word_1_70' title='bbox 195 1149 246 1197; x_wconf 86' lang='lat' dir='ltr'><strong>et</strong></span> <span class='ocrx_word' id='word_1_71' title='bbox 267 1141 640 1198; x_wconf 87' lang='lat' dir='ltr'><strong>deducendum</strong></span> <span class='ocrx_word' id='word_1_72' title='bbox 659 1144 802 1198; x_wconf 87' lang='lat' dir='ltr'><strong>corio</strong></span> <span class='ocrx_word' id='word_1_73' title='bbox 818 1144 973 1199; x_wconf 78' lang='lat' dir='ltr'><strong>bovis</strong></span> <span class='ocrx_word' id='word_1_74' title='bbox 991 1144 1048 1198; x_wconf 90' lang='lat' dir='ltr'><strong>in</strong></span> <span class='ocrx_word' id='word_1_75' title='bbox 1074 1159 1238 1208; x_wconf 88' lang='lat' dir='ltr'><strong>mare,</strong></span> <span class='ocrx_word' id='word_1_76' title='bbox 1260 1160 1386 1198; x_wconf 89' lang='lat' dir='ltr'><strong>cum</strong></span> <span class='ocrx_word' id='word_1_77' title='bbox 1402 1159 1514 1216; x_wconf 87' lang='lat' dir='ltr'><strong>quo</strong></span> <span class='ocrx_word' id='word_1_78' title='bbox 1727 1155 1801 1197; x_wconf 76' lang='lat'><strong>155</strong></span> 
     </span>
     <span class='ocr_line' id='line_1_13' title="bbox 194 1215 1283 1276; baseline 0.002 -5"><span class='ocrx_word' id='word_1_79' title='bbox 194 1215 467 1273; x_wconf 82' lang='lat' dir='ltr'><strong>clauditur</strong></span> <span class='ocrx_word' id='word_1_80' title='bbox 483 1217 718 1276; x_wconf 82' lang='lat' dir='ltr'><strong>adversis</strong></span> <span class='ocrx_word' id='word_1_81' title='bbox 737 1218 956 1273; x_wconf 85' lang='lat' dir='ltr'><strong>innoxia</strong></span> <span class='ocrx_word' id='word_1_82' title='bbox 973 1217 1130 1272; x_wconf 83' lang='lat' dir='ltr'><strong>simia</strong></span> <span class='ocrx_word' id='word_1_83' title='bbox 1146 1218 1283 1273; x_wconf 86' lang='lat' dir='ltr'><strong>fatis.</strong></span> 
     </span>
     <span class='ocr_line' id='line_1_14' title="bbox 194 1291 1693 1364; baseline 0.001 -18"><span class='ocrx_word' id='word_1_84' title='bbox 194 1292 339 1348; x_wconf 87' lang='lat' dir='ltr'><strong>Haec</strong></span> <span class='ocrx_word' id='word_1_85' title='bbox 354 1299 515 1364; x_wconf 87' lang='lat' dir='ltr'><strong>quota</strong></span> <span class='ocrx_word' id='word_1_86' title='bbox 526 1309 648 1364; x_wconf 84' lang='lat' dir='ltr'><strong>pars</strong></span> <span class='ocrx_word' id='word_1_87' title='bbox 658 1291 934 1357; x_wconf 55' lang='lat' dir='ltr'><strong>scelerum3</strong></span> <span class='ocrx_word' id='word_1_88' title='bbox 947 1310 1086 1364; x_wconf 87' lang='lat' dir='ltr'><strong>quae</strong></span> <span class='ocrx_word' id='word_1_89' title='bbox 1103 1298 1280 1348; x_wconf 90' lang='lat' dir='ltr'><strong>custos</strong></span> <span class='ocrx_word' id='word_1_90' title='bbox 1289 1291 1527 1349; x_wconf 81' lang='lat' dir='ltr'><strong>Gallicus</strong></span> <span class='ocrx_word' id='word_1_91' title='bbox 1540 1291 1693 1347; x_wconf 85' lang='lat' dir='ltr'><strong>Urbis</strong></span> 
     </span>
     <span class='ocr_line' id='line_1_15' title="bbox 194 1365 1426 1440; baseline 0.001 -18"><span class='ocrx_word' id='word_1_92' title='bbox 194 1382 376 1440; x_wconf 87' lang='lat' dir='ltr'><strong>usque</strong></span> <span class='ocrx_word' id='word_1_93' title='bbox 397 1384 427 1421; x_wconf 86' lang='lat' dir='ltr'><strong>a</strong></span> <span class='ocrx_word' id='word_1_94' title='bbox 446 1365 679 1432; x_wconf 87' lang='lat' dir='ltr'><strong>lucifero,</strong></span> <span class='ocrx_word' id='word_1_95' title='bbox 700 1366 865 1422; x_wconf 91' lang='lat' dir='ltr'><strong>donec</strong></span> <span class='ocrx_word' id='word_1_96' title='bbox 882 1367 981 1422; x_wconf 86' lang='lat' dir='ltr'><strong>lux</strong></span> <span class='ocrx_word' id='word_1_97' title='bbox 997 1367 1216 1433; x_wconf 86' lang='lat' dir='ltr'><strong>occidat,</strong></span> <span class='ocrx_word' id='word_1_98' title='bbox 1241 1367 1426 1423; x_wconf 71' lang='lat' dir='ltr'><strong>audit?</strong></span> 
     </span>
     <span class='ocr_line' id='line_1_16' title="bbox 193 1441 1371 1515; baseline 0.002 -19"><span class='ocrx_word' id='word_1_99' title='bbox 193 1441 433 1497; x_wconf 83' lang='lat' dir='ltr'><strong>Humani</strong></span> <span class='ocrx_word' id='word_1_100' title='bbox 457 1441 666 1515; x_wconf 82' lang='lat' dir='ltr'><strong>generis</strong></span> <span class='ocrx_word' id='word_1_101' title='bbox 689 1459 860 1497; x_wconf 83' lang='lat' dir='ltr'><strong>mores</strong></span> <span class='ocrx_word' id='word_1_102' title='bbox 880 1442 976 1497; x_wconf 88' lang='lat' dir='ltr'><strong>tibi</strong></span> <span class='ocrx_word' id='word_1_103' title='bbox 1000 1459 1158 1498; x_wconf 90' lang='lat' dir='ltr'><strong>nosse</strong></span> <span class='ocrx_word' id='word_1_104' title='bbox 1177 1442 1371 1500; x_wconf 84' lang='lat' dir='ltr'><strong>volenti</strong></span> 
     </span>
     <span class='ocr_line' id='line_1_17' title="bbox 194 1515 1800 1584; baseline -0.001 -14"><span class='ocrx_word' id='word_1_105' title='bbox 194 1515 398 1572; x_wconf 84' lang='lat' dir='ltr'><strong>sufficit</strong></span> <span class='ocrx_word' id='word_1_106' title='bbox 415 1533 523 1571; x_wconf 86' lang='lat' dir='ltr'><strong>una</strong></span> <span class='ocrx_word' id='word_1_107' title='bbox 543 1515 751 1572; x_wconf 84' lang='lat' dir='ltr'><strong>domus.</strong></span> <span class='ocrx_word' id='word_1_108' title='bbox 812 1517 1012 1573; x_wconf 71' lang='lat' dir='ltr'><strong>Paucos·</strong></span> <span class='ocrx_word' id='word_1_109' title='bbox 1031 1535 1284 1574; x_wconf 86' lang='lat' dir='ltr'><strong>consume</strong></span> <span class='ocrx_word' id='word_1_110' title='bbox 1301 1519 1433 1584; x_wconf 88' lang='lat' dir='ltr'><strong>dies,</strong></span> <span class='ocrx_word' id='word_1_111' title='bbox 1456 1526 1508 1574; x_wconf 82' lang='lat' dir='ltr'><strong>et</strong></span> <span class='ocrx_word' id='word_1_112' title='bbox 1723 1527 1800 1569; x_wconf 73' lang='lat'><strong>160</strong></span> 
     </span>
     <span class='ocr_line' id='line_1_18' title="bbox 192 1590 1638 1665; baseline 0.001 -20"><span class='ocrx_word' id='word_1_113' title='bbox 192 1590 372 1647; x_wconf 85' lang='lat' dir='ltr'><strong>dicere</strong></span> <span class='ocrx_word' id='word_1_114' title='bbox 388 1597 439 1644; x_wconf 88' lang='lat' dir='ltr'><strong>te</strong></span> <span class='ocrx_word' id='word_1_115' title='bbox 456 1590 730 1657; x_wconf 86' lang='lat' dir='ltr'><strong>miserum,</strong></span> <span class='ocrx_word' id='word_1_116' title='bbox 757 1600 1040 1665; x_wconf 79' lang='lat' dir='ltr'><strong>postquam</strong></span> <span class='ocrx_word' id='word_1_117' title='bbox 1061 1593 1210 1649; x_wconf 85' lang='lat' dir='ltr'><strong>illinc</strong></span> <span class='ocrx_word' id='word_1_118' title='bbox 1225 1594 1452 1658; x_wconf 80' lang='lat' dir='ltr'><strong>veneriS‚</strong></span> <span class='ocrx_word' id='word_1_119' title='bbox 1482 1594 1638 1648; x_wconf 87' lang='lat' dir='ltr'><strong>aude.</strong></span> 
     </span>
     <span class='ocr_line' id='line_1_19' title="bbox 191 1663 1690 1738; baseline -0.001 -17"><span class='ocrx_word' id='word_1_120' title='bbox 191 1663 332 1732; x_wconf 89' lang='lat' dir='ltr'><strong>Quis</strong></span> <span class='ocrx_word' id='word_1_121' title='bbox 349 1664 616 1721; x_wconf 88' lang='lat' dir='ltr'><strong>tumidum</strong></span> <span class='ocrx_word' id='word_1_122' title='bbox 634 1673 818 1737; x_wconf 78' lang='lat' dir='ltr'><strong>guttur</strong></span> <span class='ocrx_word' id='word_1_123' title='bbox 839 1667 1062 1721; x_wconf 85' lang='lat' dir='ltr'><strong>miratur</strong></span> <span class='ocrx_word' id='word_1_124' title='bbox 1078 1669 1136 1721; x_wconf 90' lang='lat' dir='ltr'><strong>in</strong></span> <span class='ocrx_word' id='word_1_125' title='bbox 1161 1666 1425 1737; x_wconf 73' lang='lat' dir='ltr'><strong>Alpibus?</strong></span> <span class='ocrx_word' id='word_1_126' title='bbox 1458 1675 1550 1721; x_wconf 84' lang='lat' dir='ltr'><strong>aut</strong></span> <span class='ocrx_word' id='word_1_127' title='bbox 1565 1667 1690 1738; x_wconf 89' lang='lat' dir='ltr'><strong>quis</strong></span> 
     </span>
     <span class='ocr_line' id='line_1_20' title="bbox 190 1738 1474 1794; baseline -0.002 -1"><span class='ocrx_word' id='word_1_128' title='bbox 190 1740 245 1794; x_wconf 88' lang='lat' dir='ltr'><strong>in</strong></span> <span class='ocrx_word' id='word_1_129' title='bbox 270 1738 452 1792; x_wconf 83' lang='lat' dir='ltr'><strong>Meroe</strong></span> <span class='ocrx_word' id='word_1_130' title='bbox 466 1752 640 1790; x_wconf 85' lang='lat' dir='ltr'><strong>crasso</strong></span> <span class='ocrx_word' id='word_1_131' title='bbox 657 1740 908 1791; x_wconf 86' lang='lat' dir='ltr'><strong>maiorem</strong></span> <span class='ocrx_word' id='word_1_132' title='bbox 928 1739 1130 1793; x_wconf 74' lang='lat' dir='ltr'><strong>infante</strong></span> <span class='ocrx_word' id='word_1_133' title='bbox 1144 1738 1474 1793; x_wconf 69' lang='lat' dir='ltr'><strong>mamillam?</strong></span> 
     </span>
     <span class='ocr_line' id='line_1_21' title="bbox 192 1807 1521 1880; baseline -0.004 -10"><span class='ocrx_word' id='word_1_134' title='bbox 192 1807 427 1870; x_wconf 84' lang='lat' dir='ltr'><strong>Caerula</strong></span> <span class='ocrx_word' id='word_1_135' title='bbox 444 1809 570 1880; x_wconf 90' lang='lat' dir='ltr'><strong>quis</strong></span> <span class='ocrx_word' id='word_1_136' title='bbox 589 1811 793 1880; x_wconf 81' lang='lat' dir='ltr'><strong>stupuit</strong></span> <span class='ocrx_word' id='word_1_137' title='bbox 810 1811 1060 1864; x_wconf 88' lang='lat' dir='ltr'><strong>Germani</strong></span> <span class='ocrx_word' id='word_1_138' title='bbox 1080 1811 1302 1876; x_wconf 87' lang='lat' dir='ltr'><strong>lumina,</strong></span> <span class='ocrx_word' id='word_1_139' title='bbox 1329 1810 1521 1866; x_wconf 81' lang='lat' dir='ltr'><strong>flavam</strong></span> 
     </span>
     <span class='ocr_line' id='line_1_22' title="bbox 190 1883 1798 1955; baseline -0.001 -12"><span class='ocrx_word' id='word_1_140' title='bbox 190 1883 482 1943; x_wconf 82' lang='lat' dir='ltr'><strong>caesariem</strong></span> <span class='ocrx_word' id='word_1_141' title='bbox 502 1891 552 1938; x_wconf 90' lang='lat' dir='ltr'><strong>et</strong></span> <span class='ocrx_word' id='word_1_142' title='bbox 571 1883 785 1938; x_wconf 88' lang='lat' dir='ltr'><strong>madido</strong></span> <span class='ocrx_word' id='word_1_143' title='bbox 800 1891 1132 1955; x_wconf 85' lang='lat' dir='ltr'><strong>torquentem</strong></span> <span class='ocrx_word' id='word_1_144' title='bbox 1150 1901 1345 1940; x_wconf 85' lang='lat' dir='ltr'><strong>cornua</strong></span> <span class='ocrx_word' id='word_1_145' title='bbox 1363 1885 1534 1939; x_wconf 73' lang='lat' dir='ltr'><strong>citro?</strong></span> <span class='ocrx_word' id='word_1_146' title='bbox 1722 1898 1798 1941; x_wconf 77' lang='lat'><strong>165</strong></span> 
     </span>
     <span class='ocr_line' id='line_1_23' title="bbox 192 1957 1565 2032; baseline -0.004 -14"><span class='ocrx_word' id='word_1_147' title='bbox 192 1964 404 2032; x_wconf 88' lang='lat' dir='ltr'><strong>Nempe</strong></span> <span class='ocrx_word' id='word_1_148' title='bbox 418 1958 562 2030; x_wconf 91' lang='lat' dir='ltr'><strong>quod</strong></span> <span class='ocrx_word' id='word_1_149' title='bbox 581 1958 709 2013; x_wconf 87' lang='lat' dir='ltr'><strong>haec</strong></span> <span class='ocrx_word' id='word_1_150' title='bbox 728 1957 834 2013; x_wconf 89' lang='lat' dir='ltr'><strong>illis</strong></span> <span class='ocrx_word' id='word_1_151' title='bbox 855 1965 1042 2014; x_wconf 85' lang='lat' dir='ltr'><strong>natura</strong></span> <span class='ocrx_word' id='word_1_152' title='bbox 1066 1967 1147 2014; x_wconf 88' lang='lat' dir='ltr'><strong>est</strong></span> <span class='ocrx_word' id='word_1_153' title='bbox 1172 1960 1423 2014; x_wconf 87' lang='lat' dir='ltr'><strong>omnibus</strong></span> <span class='ocrx_word' id='word_1_154' title='bbox 1445 1977 1565 2014; x_wconf 84' lang='lat' dir='ltr'><strong>una.</strong></span> 
     </span>
     <span class='ocr_line' id='line_1_24' title="bbox 193 2031 1641 2107; baseline -0.003 -15"><span class='ocrx_word' id='word_1_155' title='bbox 193 2036 281 2092; x_wconf 83' lang='lat' dir='ltr'><strong>Ad</strong></span> <span class='ocrx_word' id='word_1_156' title='bbox 300 2034 506 2089; x_wconf 84' lang='lat' dir='ltr'><strong>subitas</strong></span> <span class='ocrx_word' id='word_1_157' title='bbox 527 2031 790 2089; x_wconf 83' lang='lat' dir='ltr'><strong>Thracum</strong></span> <span class='ocrx_word' id='word_1_158' title='bbox 808 2033 894 2088; x_wconf 87' lang='lat' dir='ltr'><strong>vol</strong></span> <span class='ocrx_word' id='word_1_159' title='bbox 902 2051 1051 2089; x_wconf 87' lang='lat' dir='ltr'><strong>ueres</strong></span> <span class='ocrx_word' id='word_1_160' title='bbox 1071 2034 1380 2107; x_wconf 86' lang='lat' dir='ltr'><strong>nubemque</strong></span> <span class='ocrx_word' id='word_1_161' title='bbox 1396 2051 1641 2090; x_wconf 86' lang='lat' dir='ltr'><strong>sonoram</strong></span> 
     </span>
     <span class='ocr_line' id='line_1_25' title="bbox 195 2108 1407 2185; baseline -0.002 -20"><span class='ocrx_word' id='word_1_162' title='bbox 195 2113 498 2185; x_wconf 80' lang='lat' dir='ltr'><strong>Pygmaeus</strong></span> <span class='ocrx_word' id='word_1_163' title='bbox 516 2109 697 2181; x_wconf 84' lang='lat' dir='ltr'><strong>parvis</strong></span> <span class='ocrx_word' id='word_1_164' title='bbox 716 2109 880 2164; x_wconf 88' lang='lat' dir='ltr'><strong>currit</strong></span> <span class='ocrx_word' id='word_1_165' title='bbox 902 2108 1121 2165; x_wconf 80' lang='lat' dir='ltr'><strong>bellator</strong></span> <span class='ocrx_word' id='word_1_166' title='bbox 1141 2113 1197 2166; x_wconf 88' lang='lat' dir='ltr'><strong>in</strong></span> <span class='ocrx_word' id='word_1_167' title='bbox 1215 2111 1407 2165; x_wconf 85' lang='lat' dir='ltr'><strong>armis:</strong></span> 
     </span>
     <span class='ocr_line' id='line_1_26' title="bbox 195 2184 1419 2258; baseline 0 -19"><span class='ocrx_word' id='word_1_168' title='bbox 195 2201 326 2240; x_wconf 81' lang='lat' dir='ltr'><strong>mox</strong></span> <span class='ocrx_word' id='word_1_169' title='bbox 345 2184 517 2256; x_wconf 89' lang='lat' dir='ltr'><strong>impar</strong></span> <span class='ocrx_word' id='word_1_170' title='bbox 534 2184 670 2240; x_wconf 86' lang='lat' dir='ltr'><strong>hosti</strong></span> <span class='ocrx_word' id='word_1_171' title='bbox 690 2192 978 2258; x_wconf 87' lang='lat' dir='ltr'><strong>raptusque</strong></span> <span class='ocrx_word' id='word_1_172' title='bbox 993 2203 1088 2258; x_wconf 91' lang='lat' dir='ltr'><strong>per</strong></span> <span class='ocrx_word' id='word_1_173' title='bbox 1106 2203 1224 2241; x_wconf 84' lang='lat' dir='ltr'><strong>aera</strong></span> <span class='ocrx_word' id='word_1_174' title='bbox 1240 2186 1419 2241; x_wconf 84' lang='lat' dir='ltr'><strong>curvis</strong></span> 
     </span>
     <span class='ocr_line' id='line_1_27' title="bbox 194 2256 1797 2334; baseline -0.002 -19"><span class='ocrx_word' id='word_1_175' title='bbox 194 2258 474 2332; x_wconf 83' lang='lat' dir='ltr'><strong>unguibus</strong></span> <span class='ocrx_word' id='word_1_176' title='bbox 490 2277 521 2313; x_wconf 85' lang='lat' dir='ltr'><strong>a</strong></span> <span class='ocrx_word' id='word_1_177' title='bbox 539 2267 695 2315; x_wconf 79' lang='lat' dir='ltr'><strong>saeva</strong></span> <span class='ocrx_word' id='word_1_178' title='bbox 713 2259 877 2315; x_wconf 80' lang='lat' dir='ltr'><strong>fertur</strong></span> <span class='ocrx_word' id='word_1_179' title='bbox 893 2277 1044 2334; x_wconf 82' lang='lat' dir='ltr'><strong>grue.</strong></span> <span class='ocrx_word' id='word_1_180' title='bbox 1104 2261 1162 2317; x_wconf 91' lang='lat' dir='ltr'><strong>Si</strong></span> <span class='ocrx_word' id='word_1_181' title='bbox 1177 2256 1370 2317; x_wconf 73' lang='lat' dir='ltr'><strong>&#39;videas</strong></span> <span class='ocrx_word' id='word_1_182' title='bbox 1384 2260 1485 2314; x_wconf 86' lang='lat' dir='ltr'><strong>hoo</strong></span> <span class='ocrx_word' id='word_1_183' title='bbox 1598 2298 1607 2307; x_wconf 91' lang='lat'>.</span> <span class='ocrx_word' id='word_1_184' title='bbox 1719 2268 1797 2311; x_wconf 71' lang='lat'><strong>170</strong></span> 
     </span>
     <span class='ocr_line' id='line_1_28' title="bbox 193 2333 1456 2409; baseline -0.001 -21"><span class='ocrx_word' id='word_1_185' title='bbox 193 2333 445 2409; x_wconf 81' lang='lat' dir='ltr'><strong>gentibus</strong></span> <span class='ocrx_word' id='word_1_186' title='bbox 464 2333 520 2389; x_wconf 89' lang='lat' dir='ltr'><strong>in</strong></span> <span class='ocrx_word' id='word_1_187' title='bbox 539 2334 752 2399; x_wconf 87' lang='lat' dir='ltr'><strong>nostris,</strong></span> <span class='ocrx_word' id='word_1_188' title='bbox 776 2334 890 2389; x_wconf 81' lang='lat' dir='ltr'><strong>risu</strong></span> <span class='ocrx_word' id='word_1_189' title='bbox 908 2337 1171 2407; x_wconf 78' lang='lat' dir='ltr'><strong>quatier03</strong></span> <span class='ocrx_word' id='word_1_190' title='bbox 1214 2336 1309 2390; x_wconf 87' lang='lat' dir='ltr'><strong>sed</strong></span> <span class='ocrx_word' id='word_1_191' title='bbox 1327 2333 1456 2398; x_wconf 88' lang='lat' dir='ltr'><strong>illic,</strong></span> 
     </span>
     <span class='ocr_line' id='line_1_29' title="bbox 194 2407 1667 2481; baseline -0.001 -18"><span class='ocrx_word' id='word_1_192' title='bbox 194 2425 525 2481; x_wconf 85' lang='lat' dir='ltr'><strong>quamquam</strong></span> <span class='ocrx_word' id='word_1_193' title='bbox 545 2409 728 2463; x_wconf 86' lang='lat' dir='ltr'><strong>eadem</strong></span> <span class='ocrx_word' id='word_1_194' title='bbox 746 2409 958 2463; x_wconf 83' lang='lat' dir='ltr'><strong>assidue</strong></span> <span class='ocrx_word' id='word_1_195' title='bbox 976 2417 1278 2481; x_wconf 81' lang='lat' dir='ltr'><strong>spectantur</strong></span> <span class='ocrx_word' id='word_1_196' title='bbox 1296 2407 1512 2480; x_wconf 83' lang='lat' dir='ltr'><strong>proelia²</strong></span> <span class='ocrx_word' id='word_1_197' title='bbox 1536 2407 1667 2462; x_wconf 87' lang='lat' dir='ltr'><strong>ridet</strong></span> 
     </span>
     <span class='ocr_line' id='line_1_30' title="bbox 196 2482 1505 2554; baseline -0.002 -15"><span class='ocrx_word' id='word_1_198' title='bbox 196 2499 372 2548; x_wconf 89' lang='lat' dir='ltr'><strong>nemo,</strong></span> <span class='ocrx_word' id='word_1_199' title='bbox 395 2483 490 2538; x_wconf 92' lang='lat' dir='ltr'><strong>ubi</strong></span> <span class='ocrx_word' id='word_1_200' title='bbox 509 2491 612 2538; x_wconf 89' lang='lat' dir='ltr'><strong>tota</strong></span> <span class='ocrx_word' id='word_1_201' title='bbox 631 2482 818 2538; x_wconf 85' lang='lat' dir='ltr'><strong>cohors</strong></span> <span class='ocrx_word' id='word_1_202' title='bbox 835 2483 969 2554; x_wconf 89' lang='lat' dir='ltr'><strong>pede</strong></span> <span class='ocrx_word' id='word_1_203' title='bbox 986 2500 1090 2538; x_wconf 93' lang='grc'><strong>000</strong></span> <span class='ocrx_word' id='word_1_204' title='bbox 1112 2491 1191 2538; x_wconf 87' lang='lat' dir='ltr'><strong>est</strong></span> <span class='ocrx_word' id='word_1_205' title='bbox 1210 2482 1361 2538; x_wconf 87' lang='lat' dir='ltr'><strong>altior</strong></span> <span class='ocrx_word' id='word_1_206' title='bbox 1376 2500 1505 2537; x_wconf 89' lang='lat' dir='ltr'><strong>uno.</strong></span> 
     </span>
    </p>

    <p class='ocr_par' dir='ltr' id='par_1_3' title="bbox 189 2557 1795 2855">
     <span class='ocr_line' id='line_1_31' title="bbox 269 2557 1525 2628; baseline -0.002 -14"><span class='ocrx_word' id='word_1_207' title='bbox 269 2558 500 2615; x_wconf 77' lang='lat' dir='ltr'><strong>Nullane</strong></span> <span class='ocrx_word' id='word_1_208' title='bbox 512 2561 722 2626; x_wconf 51' lang='lat' dir='ltr'><strong>perimi</strong></span> <span class='ocrx_word' id='word_1_209' title='bbox 740 2561 929 2626; x_wconf 64' lang='lat' dir='ltr'><strong>cupitis</strong></span> <span class='ocrx_word' id='word_1_210' title='bbox 945 2562 1253 2627; x_wconf 62' lang='lat' dir='ltr'><strong>fraudisque</strong></span> <span class='ocrx_word' id='word_1_211' title='bbox 1271 2557 1525 2628; x_wconf 71' lang='lat' dir='ltr'><strong>nefandae</strong></span> 
     </span>
     <span class='ocr_line' id='line_1_32' title="bbox 189 2630 1795 2706; baseline -0.003 -18"><span class='ocrx_word' id='word_1_212' title='bbox 189 2649 360 2702; x_wconf 81' lang='lat' dir='ltr'><strong>poena</strong></span> <span class='ocrx_word' id='word_1_213' title='bbox 377 2630 516 2687; x_wconf 79' lang='lat' dir='ltr'><strong>erit?</strong></span> <span class='ocrx_word' id='word_1_214' title='bbox 552 2632 844 2702; x_wconf 85' lang='lat' dir='ltr'><strong>Abreptum</strong></span> <span class='ocrx_word' id='word_1_215' title='bbox 861 2631 1015 2686; x_wconf 86' lang='lat' dir='ltr'><strong>crede</strong></span> <span class='ocrx_word' id='word_1_216' title='bbox 1031 2632 1178 2698; x_wconf 84' lang='lat' dir='ltr'><strong>hunc</strong></span> <span class='ocrx_word' id='word_1_217' title='bbox 1194 2632 1435 2706; x_wconf 84' lang='lat' dir='ltr'><strong>graviore</strong></span> <span class='ocrx_word' id='word_1_218' title='bbox 1452 2640 1631 2687; x_wconf 82' lang='lat' dir='ltr'><strong>catena</strong></span> <span class='ocrx_word' id='word_1_219' title='bbox 1717 2642 1795 2684; x_wconf 70' lang='lat'><strong>175</strong></span> 
     </span>
     <span class='ocr_line' id='line_1_33' title="bbox 195 2705 1543 2780; baseline -0.001 -18"><span class='ocrx_word' id='word_1_220' title='bbox 195 2714 464 2779; x_wconf 82' lang='lat' dir='ltr'><strong>protenus,</strong></span> <span class='ocrx_word' id='word_1_221' title='bbox 487 2712 538 2761; x_wconf 82' lang='lat' dir='ltr'><strong>et</strong></span> <span class='ocrx_word' id='word_1_222' title='bbox 557 2714 733 2760; x_wconf 88' lang='lat' dir='ltr'><strong>nostro</strong></span> <span class='ocrx_word' id='word_1_223' title='bbox 751 2705 901 2777; x_wconf 87' lang='lat' dir='ltr'><strong>(quid</strong></span> <span class='ocrx_word' id='word_1_224' title='bbox 918 2705 1043 2776; x_wconf 88' lang='lat' dir='ltr'><strong>plus</strong></span> <span class='ocrx_word' id='word_1_225' title='bbox 1060 2705 1189 2762; x_wconf 85' lang='lat' dir='ltr'><strong>velit</strong></span> <span class='ocrx_word' id='word_1_226' title='bbox 1207 2707 1282 2762; x_wconf 87' lang='lat' dir='ltr'><strong>ira</strong></span> <span class='ocrx_word' id='word_1_227' title='bbox 1291 2706 1335 2780; x_wconf 68' lang='grc'><strong>*2)</strong></span> <span class='ocrx_word' id='word_1_228' title='bbox 1372 2708 1543 2763; x_wconf 88' lang='lat' dir='ltr'><strong>necari</strong></span> 
     </span>
     <span class='ocr_line' id='line_1_34' title="bbox 195 2779 1597 2855; baseline -0.001 -18"><span class='ocrx_word' id='word_1_229' title='bbox 195 2781 439 2837; x_wconf 84' lang='lat' dir='ltr'><strong>arbitrio:</strong></span> <span class='ocrx_word' id='word_1_230' title='bbox 481 2788 658 2838; x_wconf 85' lang='lat' dir='ltr'><strong>manet</strong></span> <span class='ocrx_word' id='word_1_231' title='bbox 676 2779 767 2837; x_wconf 86' lang='lat' dir='ltr'><strong>illa</strong></span> <span class='ocrx_word' id='word_1_232' title='bbox 785 2786 961 2837; x_wconf 87' lang='lat' dir='ltr'><strong>tamen</strong></span> <span class='ocrx_word' id='word_1_233' title='bbox 980 2781 1196 2850; x_wconf 83' lang='lat' dir='ltr'><strong>iactura,</strong></span> <span class='ocrx_word' id='word_1_234' title='bbox 1225 2799 1321 2840; x_wconf 86' lang='lat' dir='ltr'><strong>nec</strong></span> <span class='ocrx_word' id='word_1_235' title='bbox 1338 2799 1597 2855; x_wconf 83' lang='lat' dir='ltr'><strong>umquam</strong></span> 
     </span>
    </p>
   </div>
   <div class='ocr_carea' id='block_1_3' title="bbox 1184 0 2168 28">
    <p class='ocr_par' dir='ltr' id='par_1_4' title="bbox 1184 0 2168 28">
     <span class='ocr_line' id='line_1_35' title="bbox 1184 0 2168 28; baseline 0 3189"><span class='ocrx_word' id='word_1_236' title='bbox 1184 0 2168 28; x_wconf 95' lang='lat' dir='ltr'><strong> </strong></span> 
     </span>
    </p>
   </div>
  </div>
 </body>
</html>
