<?xml version="1.0" encoding="UTF-8"?>
<!DOCTYPE html PUBLIC "-//W3C//DTD XHTML 1.0 Transitional//EN"
    "http://www.w3.org/TR/xhtml1/DTD/xhtml1-transitional.dtd">
<html xmlns="http://www.w3.org/1999/xhtml" xml:lang="en" lang="en">
 <head>
  <title>
</title>
<meta http-equiv="Content-Type" content="text/html;charset=utf-8" />
  <meta name='ocr-system' content='tesseract 3.04.00' />
  <meta name='ocr-capabilities' content='ocr_page ocr_carea ocr_par ocr_line ocrx_word'/>
</head>
<body>
  <div class='ocr_page' id='page_1' title='image "apersiiflacciet02weisgoog_0050.png"; bbox 0 0 2209 3217; ppageno 0'>
   <div class='ocr_carea' id='block_1_1' title="bbox 449 882 501 923">
    <p class='ocr_par' dir='ltr' id='par_1_1' title="bbox 449 882 501 923">
     <span class='ocr_line' id='line_1_1' title="bbox 449 882 501 923; baseline 0 0"><span class='ocrx_word' id='word_1_1' title='bbox 449 882 501 923; x_wconf 80' lang='lat'><strong>10</strong></span> 
     </span>
    </p>
   </div>
   <div class='ocr_carea' id='block_1_2' title="bbox 450 1253 503 1296">
    <p class='ocr_par' dir='ltr' id='par_1_2' title="bbox 450 1253 503 1296">
     <span class='ocr_line' id='line_1_2' title="bbox 450 1253 503 1296; baseline -0.019 0"><span class='ocrx_word' id='word_1_2' title='bbox 450 1253 503 1296; x_wconf 78' lang='lat'><strong>15</strong></span> 
     </span>
    </p>
   </div>
   <div class='ocr_carea' id='block_1_3' title="bbox 452 1623 505 1667">
    <p class='ocr_par' dir='ltr' id='par_1_3' title="bbox 452 1623 505 1667">
     <span class='ocr_line' id='line_1_3' title="bbox 452 1623 505 1667; baseline 0 0"><span class='ocrx_word' id='word_1_3' title='bbox 452 1623 505 1667; x_wconf 83' lang='lat'><strong>2⁰</strong></span> 
     </span>
    </p>
   </div>
   <div class='ocr_carea' id='block_1_4' title="bbox 455 1996 506 2040">
    <p class='ocr_par' dir='ltr' id='par_1_4' title="bbox 455 1996 506 2040">
     <span class='ocr_line' id='line_1_4' title="bbox 455 1996 506 2040; baseline 0 0"><span class='ocrx_word' id='word_1_4' title='bbox 455 1996 506 2040; x_wconf 86' lang='lat'><strong>25</strong></span> 
     </span>
    </p>
   </div>
   <div class='ocr_carea' id='block_1_5' title="bbox 459 2369 510 2412">
    <p class='ocr_par' dir='ltr' id='par_1_5' title="bbox 459 2369 510 2412">
     <span class='ocr_line' id='line_1_5' title="bbox 459 2369 510 2412; baseline 0.02 -1"><span class='ocrx_word' id='word_1_5' title='bbox 459 2369 510 2412; x_wconf 75' lang='lat'><strong>30</strong></span> 
     </span>
    </p>
   </div>
   <div class='ocr_carea' id='block_1_6' title="bbox 561 248 1511 300">
    <p class='ocr_par' dir='ltr' id='par_1_6' title="bbox 561 248 1511 300">
     <span class='ocr_line' id='line_1_6' title="bbox 561 248 1511 300; baseline -0.004 0"><span class='ocrx_word' id='word_1_6' title='bbox 561 248 626 300; x_wconf 85' lang='lat'><strong>38</strong></span> <span class='ocrx_word' id='word_1_7' title='bbox 1090 249 1511 299; x_wconf 77' lang='lat' dir='ltr'><strong>IUVENALIS</strong></span> 
     </span>
    </p>
   </div>
   <div class='ocr_carea' id='block_1_7' title="bbox 556 349 2057 1092">
    <p class='ocr_par' dir='ltr' id='par_1_7' title="bbox 558 349 1799 425">
     <span class='ocr_line' id='line_1_7' title="bbox 558 349 1799 425; baseline -0.002 -16"><span class='ocrx_word' id='word_1_8' title='bbox 558 352 654 424; x_wconf 89' lang='lat' dir='ltr'><strong>qui</strong></span> <span class='ocrx_word' id='word_1_9' title='bbox 676 350 864 407; x_wconf 89' lang='lat' dir='ltr'><strong>Curios</strong></span> <span class='ocrx_word' id='word_1_10' title='bbox 884 349 1141 406; x_wconf 88' lang='lat' dir='ltr'><strong>simulant</strong></span> <span class='ocrx_word' id='word_1_11' title='bbox 1160 359 1209 405; x_wconf 84' lang='lat' dir='ltr'><strong>et</strong></span> <span class='ocrx_word' id='word_1_12' title='bbox 1225 349 1562 425; x_wconf 59' lang='lat' dir='ltr'><strong>Bacchanalia</strong></span> <span class='ocrx_word' id='word_1_13' title='bbox 1580 350 1799 406; x_wconf 85' lang='lat' dir='ltr'><strong>vivunt:</strong></span> 
     </span>
    </p>

    <p class='ocr_par' dir='ltr' id='par_1_8' title="bbox 556 424 2049 646">
     <span class='ocr_line' id='line_1_8' title="bbox 556 424 1976 500; baseline 0.001 -20"><span class='ocrx_word' id='word_1_14' title='bbox 556 426 752 481; x_wconf 84' lang='lat' dir='ltr'><strong>indocti</strong></span> <span class='ocrx_word' id='word_1_15' title='bbox 771 426 1033 496; x_wconf 86' lang='lat' dir='ltr'><strong>primum3</strong></span> <span class='ocrx_word' id='word_1_16' title='bbox 1076 442 1403 496; x_wconf 88' lang='lat' dir='ltr'><strong>quamquam</strong></span> <span class='ocrx_word' id='word_1_17' title='bbox 1424 424 1576 496; x_wconf 78' lang='lat' dir='ltr'><strong>plena</strong></span> <span class='ocrx_word' id='word_1_18' title='bbox 1594 426 1775 498; x_wconf 86' lang='lat' dir='ltr'><strong>omnia</strong></span> <span class='ocrx_word' id='word_1_19' title='bbox 1793 427 1976 500; x_wconf 66' lang='lat' dir='ltr'><strong>gypso</strong></span> 
     </span>
     <span class='ocr_line' id='line_1_9' title="bbox 557 498 2049 573; baseline 0.001 -18"><span class='ocrx_word' id='word_1_20' title='bbox 557 499 1124 573; x_wconf 78' lang='lat' dir='ltr'><strong>Chrysippiinvenias.</strong></span> <span class='ocrx_word' id='word_1_21' title='bbox 1148 501 1282 553; x_wconf 82' lang='lat' dir='ltr'><strong>Na&#39;m</strong></span> <span class='ocrx_word' id='word_1_22' title='bbox 1301 498 1711 569; x_wconf 77' lang='lat' dir='ltr'><strong>perfectissimus</strong></span> <span class='ocrx_word' id='word_1_23' title='bbox 1732 501 1929 555; x_wconf 84' lang='lat' dir='ltr'><strong>horum</strong></span> <span class='ocrx_word' id='word_1_24' title='bbox 1949 511 2049 569; x_wconf 87' lang='lat' dir='ltr'><strong>est,</strong></span> 
     </span>
     <span class='ocr_line' id='line_1_10' title="bbox 557 572 1876 646; baseline 0 -18"><span class='ocrx_word' id='word_1_25' title='bbox 557 575 603 630; x_wconf 87' lang='lat' dir='ltr'><strong>si</strong></span> <span class='ocrx_word' id='word_1_26' title='bbox 624 575 749 646; x_wconf 89' lang='lat' dir='ltr'><strong>quis</strong></span> <span class='ocrx_word' id='word_1_27' title='bbox 767 572 1096 628; x_wconf 73' lang='lat' dir='ltr'><strong>Aristotelem</strong></span> <span class='ocrx_word' id='word_1_28' title='bbox 1117 573 1349 627; x_wconf 85' lang='lat' dir='ltr'><strong>similem</strong></span> <span class='ocrx_word' id='word_1_29' title='bbox 1374 573 1454 628; x_wconf 88' lang='lat' dir='ltr'><strong>vel</strong></span> <span class='ocrx_word' id='word_1_30' title='bbox 1478 574 1705 628; x_wconf 86' lang='lat' dir='ltr'><strong>Pittacon</strong></span> <span class='ocrx_word' id='word_1_31' title='bbox 1728 575 1876 639; x_wconf 86' lang='lat' dir='ltr'><strong>emit,</strong></span> 
     </span>
    </p>

    <p class='ocr_par' dir='ltr' id='par_1_9' title="bbox 556 645 1998 928">
     <span class='ocr_line' id='line_1_11' title="bbox 556 645 1906 719; baseline 0.001 -16"><span class='ocrx_word' id='word_1_32' title='bbox 556 657 608 703; x_wconf 85' lang='lat' dir='ltr'><strong>et</strong></span> <span class='ocrx_word' id='word_1_33' title='bbox 627 648 771 702; x_wconf 89' lang='lat' dir='ltr'><strong>iubet</strong></span> <span class='ocrx_word' id='word_1_34' title='bbox 789 647 1097 719; x_wconf 82' lang='lat' dir='ltr'><strong>archetypos</strong></span> <span class='ocrx_word' id='word_1_35' title='bbox 1115 645 1355 717; x_wconf 80' lang='lat' dir='ltr'><strong>pluteum</strong></span> <span class='ocrx_word' id='word_1_36' title='bbox 1376 647 1906 704; x_wconf 85' lang='lat' dir='ltr'><strong>servare&#39;Cleantbas.</strong></span> 
     </span>
     <span class='ocr_line' id='line_1_12' title="bbox 556 720 1998 786; baseline 0.001 -8"><span class='ocrx_word' id='word_1_37' title='bbox 556 723 738 778; x_wconf 84' lang='lat' dir='ltr'><strong>Fronti</strong></span> <span class='ocrx_word' id='word_1_38' title='bbox 758 721 904 780; x_wconf 85' lang='lat' dir='ltr'><strong>nulla</strong></span> <span class='ocrx_word' id='word_1_39' title='bbox 922 720 1072 775; x_wconf 85' lang='lat' dir='ltr'><strong>fides.</strong></span> <span class='ocrx_word' id='word_1_40' title='bbox 1132 720 1264 786; x_wconf 87' lang='lat' dir='ltr'><strong>Quis</strong></span> <span class='ocrx_word' id='word_1_41' title='bbox 1288 721 1432 775; x_wconf 89' lang='lat' dir='ltr'><strong>enim</strong></span> <span class='ocrx_word' id='word_1_42' title='bbox 1452 738 1559 776; x_wconf 89' lang='lat' dir='ltr'><strong>non</strong></span> <span class='ocrx_word' id='word_1_43' title='bbox 1584 722 1734 777; x_wconf 79' lang='lat' dir='ltr'><strong>vicus</strong></span> <span class='ocrx_word' id='word_1_44' title='bbox 1754 723 1998 779; x_wconf 80' lang='lat' dir='ltr'><strong>abundat</strong></span> 
     </span>
     <span class='ocr_line' id='line_1_13' title="bbox 559 793 1900 867; baseline 0.001 -17"><span class='ocrx_word' id='word_1_45' title='bbox 559 796 798 851; x_wconf 86' lang='lat' dir='ltr'><strong>tristibus</strong></span> <span class='ocrx_word' id='word_1_46' title='bbox 822 793 1132 850; x_wconf 65' lang='lat' dir='ltr'><strong>obscoenis?</strong></span> <span class='ocrx_word' id='word_1_47' title='bbox 1168 794 1405 867; x_wconf 84' lang='lat' dir='ltr'><strong>Castigas</strong></span> <span class='ocrx_word' id='word_1_48' title='bbox 1419 796 1610 866; x_wconf 79' lang='lat' dir='ltr'><strong>turpia,</strong></span> <span class='ocrx_word' id='word_1_49' title='bbox 1628 813 1800 867; x_wconf 89' lang='lat' dir='ltr'><strong>quum</strong></span> <span class='ocrx_word' id='word_1_50' title='bbox 1820 798 1900 852; x_wconf 90' lang='lat' dir='ltr'><strong>sis</strong></span> 
     </span>
     <span class='ocr_line' id='line_1_14' title="bbox 557 869 1751 928; baseline 0.001 -2"><span class='ocrx_word' id='word_1_51' title='bbox 557 873 694 926; x_wconf 85' lang='lat' dir='ltr'><strong>iuter</strong></span> <span class='ocrx_word' id='word_1_52' title='bbox 712 869 996 924; x_wconf 84' lang='lat' dir='ltr'><strong>Socraticos</strong></span> <span class='ocrx_word' id='word_1_53' title='bbox 1015 869 1290 924; x_wconf 83' lang='lat' dir='ltr'><strong>notissima</strong></span> <span class='ocrx_word' id='word_1_54' title='bbox 1309 869 1449 925; x_wconf 81' lang='lat' dir='ltr'><strong>fossa</strong></span> <span class='ocrx_word' id='word_1_55' title='bbox 1470 870 1751 928; x_wconf 72' lang='lat' dir='ltr'><strong>cinaedos?</strong></span> 
     </span>
    </p>

    <p class='ocr_par' dir='ltr' id='par_1_10' title="bbox 557 943 2057 1092">
     <span class='ocr_line' id='line_1_15' title="bbox 557 943 2057 1016; baseline 0.002 -14"><span class='ocrx_word' id='word_1_56' title='bbox 557 944 776 1015; x_wconf 85' lang='lat' dir='ltr'><strong>Hispida</strong></span> <span class='ocrx_word' id='word_1_57' title='bbox 806 943 1043 998; x_wconf 87' lang='lat' dir='ltr'><strong>membra</strong></span> <span class='ocrx_word' id='word_1_58' title='bbox 1069 944 1287 1015; x_wconf 87' lang='lat' dir='ltr'><strong>quidem</strong></span> <span class='ocrx_word' id='word_1_59' title='bbox 1308 951 1360 999; x_wconf 89' lang='lat' dir='ltr'><strong>et</strong></span> <span class='ocrx_word' id='word_1_60' title='bbox 1378 945 1540 1002; x_wconf 86' lang='lat' dir='ltr'><strong>durae</strong></span> <span class='ocrx_word' id='word_1_61' title='bbox 1558 961 1650 1016; x_wconf 91' lang='lat' dir='ltr'><strong>per</strong></span> <span class='ocrx_word' id='word_1_62' title='bbox 1674 946 1891 1001; x_wconf 84' lang='lat' dir='ltr'><strong>brachia</strong></span> <span class='ocrx_word' id='word_1_63' title='bbox 1912 955 2057 1004; x_wconf 82' lang='lat' dir='ltr'><strong>setae</strong></span> 
     </span>
     <span class='ocr_line' id='line_1_16' title="bbox 559 1018 1870 1092; baseline 0.002 -18"><span class='ocrx_word' id='word_1_64' title='bbox 559 1019 872 1092; x_wconf 85' lang='lat' dir='ltr'><strong>promittunt</strong></span> <span class='ocrx_word' id='word_1_65' title='bbox 893 1026 1117 1073; x_wconf 84' lang='lat' dir='ltr'><strong>atrocem</strong></span> <span class='ocrx_word' id='word_1_66' title='bbox 1138 1018 1407 1085; x_wconf 84' lang='lat' dir='ltr'><strong>animum3</strong></span> <span class='ocrx_word' id='word_1_67' title='bbox 1450 1018 1541 1073; x_wconf 89' lang='lat' dir='ltr'><strong>sed</strong></span> <span class='ocrx_word' id='word_1_68' title='bbox 1561 1018 1743 1089; x_wconf 88' lang='lat' dir='ltr'><strong>podice</strong></span> <span class='ocrx_word' id='word_1_69' title='bbox 1763 1018 1870 1076; x_wconf 87' lang='lat' dir='ltr'><strong>levi</strong></span> 
     </span>
    </p>
   </div>
   <div class='ocr_carea' id='block_1_8' title="bbox 548 1091 1873 1157">
    <p class='ocr_par' dir='ltr' id='par_1_11' title="bbox 548 1091 1873 1157">
     <span class='ocr_line' id='line_1_17' title="bbox 548 1091 1873 1157; baseline 0.002 -10"><span class='ocrx_word' id='word_1_70' title='bbox 548 1094 848 1148; x_wconf 77' lang='lat' dir='ltr'><strong>caeduntur</strong></span> <span class='ocrx_word' id='word_1_71' title='bbox 864 1093 1115 1157; x_wconf 82' lang='lat' dir='ltr'><strong>tumidae,</strong></span> <span class='ocrx_word' id='word_1_72' title='bbox 1138 1091 1343 1148; x_wconf 86' lang='lat' dir='ltr'><strong>medico</strong></span> <span class='ocrx_word' id='word_1_73' title='bbox 1362 1092 1577 1157; x_wconf 82' lang='lat' dir='ltr'>ridente,</span> <span class='ocrx_word' id='word_1_74' title='bbox 1604 1093 1873 1150; x_wconf 77' lang='lat' dir='ltr'><strong>mariscae.</strong></span> 
     </span>
    </p>
   </div>
   <div class='ocr_carea' id='block_1_9' title="bbox 559 1166 2066 2728">
    <p class='ocr_par' dir='ltr' id='par_1_12' title="bbox 559 1166 1848 1316">
     <span class='ocr_line' id='line_1_18' title="bbox 559 1166 1764 1239; baseline -0.002 -16"><span class='ocrx_word' id='word_1_75' title='bbox 559 1170 730 1232; x_wconf 81' lang='lat' dir='ltr'><strong>Rarus</strong></span> <span class='ocrx_word' id='word_1_76' title='bbox 748 1184 921 1223; x_wconf 88' lang='lat' dir='ltr'><strong>sermo</strong></span> <span class='ocrx_word' id='word_1_77' title='bbox 941 1168 1047 1221; x_wconf 87' lang='lat' dir='ltr'><strong>illis</strong></span> <span class='ocrx_word' id='word_1_78' title='bbox 1065 1174 1116 1222; x_wconf 88' lang='lat' dir='ltr'><strong>et</strong></span> <span class='ocrx_word' id='word_1_79' title='bbox 1132 1183 1323 1239; x_wconf 81' lang='lat' dir='ltr'><strong>magna</strong></span> <span class='ocrx_word' id='word_1_80' title='bbox 1344 1166 1526 1221; x_wconf 92' lang='lat' dir='ltr'><strong>lubido</strong></span> <span class='ocrx_word' id='word_1_81' title='bbox 1541 1167 1764 1234; x_wconf 78' lang='lat' dir='ltr'><strong>tacendi,</strong></span> 
     </span>
     <span class='ocr_line' id='line_1_19' title="bbox 559 1242 1848 1316; baseline -0.001 -19"><span class='ocrx_word' id='word_1_82' title='bbox 559 1251 718 1315; x_wconf 84' lang='lat' dir='ltr'><strong>atque</strong></span> <span class='ocrx_word' id='word_1_83' title='bbox 742 1243 1021 1314; x_wconf 87' lang='lat' dir='ltr'><strong>supercilio</strong></span> <span class='ocrx_word' id='word_1_84' title='bbox 1045 1242 1256 1297; x_wconf 73' lang='lat' dir='ltr'><strong>brevior</strong></span> <span class='ocrx_word' id='word_1_85' title='bbox 1272 1258 1439 1296; x_wconf 88' lang='lat' dir='ltr'><strong>coma.</strong></span> <span class='ocrx_word' id='word_1_86' title='bbox 1505 1242 1694 1297; x_wconf 84' lang='lat' dir='ltr'><strong>Verius</strong></span> <span class='ocrx_word' id='word_1_87' title='bbox 1715 1260 1848 1316; x_wconf 82' lang='lat' dir='ltr'><strong>ergo</strong></span> 
     </span>
    </p>

    <p class='ocr_par' dir='ltr' id='par_1_13' title="bbox 559 1316 2066 2728">
     <span class='ocr_line' id='line_1_20' title="bbox 559 1316 1876 1389; baseline 0.001 -18"><span class='ocrx_word' id='word_1_88' title='bbox 559 1323 610 1371; x_wconf 88' lang='lat' dir='ltr'><strong>et</strong></span> <span class='ocrx_word' id='word_1_89' title='bbox 628 1317 799 1389; x_wconf 82' lang='lat' dir='ltr'><strong>magis</strong></span> <span class='ocrx_word' id='word_1_90' title='bbox 820 1317 1047 1387; x_wconf 84' lang='lat' dir='ltr'><strong>ingenue</strong></span> <span class='ocrx_word' id='word_1_91' title='bbox 1066 1316 1411 1371; x_wconf 65' lang='lat' dir='ltr'><strong>Peribomius</strong></span> <span class='ocrx_word' id='word_1_92' title='bbox 1468 1316 1620 1370; x_wconf 88' lang='lat' dir='ltr'><strong>Hunc</strong></span> <span class='ocrx_word' id='word_1_93' title='bbox 1638 1332 1735 1389; x_wconf 80' lang='lat' dir='ltr'><strong>ego</strong></span> <span class='ocrx_word' id='word_1_94' title='bbox 1752 1316 1876 1372; x_wconf 80' lang='lat' dir='ltr'><strong>fatis</strong></span> 
     </span>
     <span class='ocr_line' id='line_1_21' title="bbox 560 1389 1901 1462; baseline 0.001 -17"><span class='ocrx_word' id='word_1_95' title='bbox 560 1391 783 1461; x_wconf 88' lang='lat' dir='ltr'><strong>imputo,</strong></span> <span class='ocrx_word' id='word_1_96' title='bbox 807 1391 903 1461; x_wconf 90' lang='lat' dir='ltr'><strong>qui</strong></span> <span class='ocrx_word' id='word_1_97' title='bbox 925 1390 1079 1445; x_wconf 80' lang='lat' dir='ltr'><strong>vultu</strong></span> <span class='ocrx_word' id='word_1_98' title='bbox 1098 1390 1345 1445; x_wconf 84' lang='lat' dir='ltr'><strong>morbum</strong></span> <span class='ocrx_word' id='word_1_99' title='bbox 1366 1391 1680 1462; x_wconf 79' lang='lat' dir='ltr'><strong>incessuque</strong></span> <span class='ocrx_word' id='word_1_100' title='bbox 1696 1389 1901 1447; x_wconf 80' lang='lat' dir='ltr'><strong>fatetur.</strong></span> 
     </span>
     <span class='ocr_line' id='line_1_22' title="bbox 562 1462 1898 1538; baseline 0.001 -19"><span class='ocrx_word' id='word_1_101' title='bbox 562 1467 766 1520; x_wconf 88' lang='lat' dir='ltr'><strong>Horum</strong></span> <span class='ocrx_word' id='word_1_102' title='bbox 783 1464 1092 1534; x_wconf 69' lang='lat' dir='ltr'><strong>simplicitas</strong></span> <span class='ocrx_word' id='word_1_103' title='bbox 1119 1464 1464 1527; x_wconf 77' lang='lat' dir='ltr'><strong>miserabilis3</strong></span> <span class='ocrx_word' id='word_1_104' title='bbox 1508 1464 1593 1519; x_wconf 88' lang='lat' dir='ltr'><strong>his</strong></span> <span class='ocrx_word' id='word_1_105' title='bbox 1611 1462 1754 1520; x_wconf 78' lang='lat' dir='ltr'><strong>furor</strong></span> <span class='ocrx_word' id='word_1_106' title='bbox 1777 1466 1898 1538; x_wconf 87' lang='lat' dir='ltr'><strong>ipse</strong></span> 
     </span>
     <span class='ocr_line' id='line_1_23' title="bbox 562 1537 1737 1611; baseline 0 -17"><span class='ocrx_word' id='word_1_107' title='bbox 562 1539 654 1594; x_wconf 86' lang='lat' dir='ltr'><strong>dat</strong></span> <span class='ocrx_word' id='word_1_108' title='bbox 673 1538 908 1596; x_wconf 87' lang='lat' dir='ltr'><strong>veniam:</strong></span> <span class='ocrx_word' id='word_1_109' title='bbox 951 1537 1043 1593; x_wconf 90' lang='lat' dir='ltr'><strong>sed</strong></span> <span class='ocrx_word' id='word_1_110' title='bbox 1063 1539 1281 1609; x_wconf 86' lang='lat' dir='ltr'><strong>peiores,</strong></span> <span class='ocrx_word' id='word_1_111' title='bbox 1303 1541 1398 1611; x_wconf 89' lang='lat' dir='ltr'><strong>qui</strong></span> <span class='ocrx_word' id='word_1_112' title='bbox 1416 1538 1539 1593; x_wconf 86' lang='lat' dir='ltr'><strong>talia</strong></span> <span class='ocrx_word' id='word_1_113' title='bbox 1558 1540 1737 1595; x_wconf 85' lang='lat' dir='ltr'><strong>verbis</strong></span> 
     </span>
     <span class='ocr_line' id='line_1_24' title="bbox 560 1612 1732 1687; baseline 0 -18"><span class='ocrx_word' id='word_1_114' title='bbox 560 1612 798 1669; x_wconf 89' lang='lat' dir='ltr'><strong>Herculis</strong></span> <span class='ocrx_word' id='word_1_115' title='bbox 817 1613 1095 1679; x_wconf 82' lang='lat' dir='ltr'><strong>invadunt,</strong></span> <span class='ocrx_word' id='word_1_116' title='bbox 1119 1620 1187 1679; x_wconf 86' lang='lat' dir='ltr'><strong>et,</strong></span> <span class='ocrx_word' id='word_1_117' title='bbox 1209 1614 1277 1669; x_wconf 88' lang='lat' dir='ltr'><strong>de</strong></span> <span class='ocrx_word' id='word_1_118' title='bbox 1296 1615 1489 1669; x_wconf 83' lang='lat' dir='ltr'><strong>virtute</strong></span> <span class='ocrx_word' id='word_1_119' title='bbox 1506 1614 1732 1687; x_wconf 84' lang='lat' dir='ltr'><strong>loquuti,</strong></span> 
     </span>
     <span class='ocr_line' id='line_1_25' title="bbox 561 1688 2066 1761; baseline 0.003 -18"><span class='ocrx_word' id='word_1_120' title='bbox 561 1688 773 1744; x_wconf 89' lang='lat' dir='ltr'><strong>clunem</strong></span> <span class='ocrx_word' id='word_1_121' title='bbox 794 1688 1011 1761; x_wconf 79' lang='lat' dir='ltr'><strong>agitant.</strong></span> <span class='ocrx_word' id='word_1_122' title='bbox 1086 1689 1198 1758; x_wconf 73' lang='lat' dir='ltr'><strong>Eyo</strong></span> <span class='ocrx_word' id='word_1_123' title='bbox 1219 1698 1265 1743; x_wconf 78' lang='lat' dir='ltr'><strong>te</strong></span> <span class='ocrx_word' id='word_1_124' title='bbox 1285 1699 1552 1754; x_wconf 76' lang='lat' dir='ltr'><strong>ceventem,</strong></span> <span class='ocrx_word' id='word_1_125' title='bbox 1592 1690 1767 1754; x_wconf 70' lang='lat' dir='ltr'><strong>Sexte,</strong></span> <span class='ocrx_word' id='word_1_126' title='bbox 1800 1691 2066 1748; x_wconf 77' lang='lat' dir='ltr'><strong>verebor?</strong></span> 
     </span>
     <span class='ocr_line' id='line_1_26' title="bbox 564 1762 1644 1831; baseline -0.002 -12"><span class='ocrx_word' id='word_1_127' title='bbox 564 1763 781 1819; x_wconf 84' lang='lat' dir='ltr'><strong>infamis</strong></span> <span class='ocrx_word' id='word_1_128' title='bbox 801 1763 1031 1820; x_wconf 75' lang='lat' dir='ltr'><strong>Varillus</strong></span> <span class='ocrx_word' id='word_1_129' title='bbox 1049 1764 1149 1818; x_wconf 83' lang='lat' dir='ltr'><strong>ait:</strong></span> <span class='ocrx_word' id='word_1_130' title='bbox 1177 1778 1279 1831; x_wconf 79' lang='lat' dir='ltr'><strong>quo</strong></span> <span class='ocrx_word' id='word_1_131' title='bbox 1296 1768 1521 1819; x_wconf 73' lang='lat' dir='ltr'><strong>deterior</strong></span> <span class='ocrx_word' id='word_1_132' title='bbox 1541 1762 1644 1819; x_wconf 71' lang='lat' dir='ltr'><strong>te?=</strong></span> 
     </span>
     <span class='ocr_line' id='line_1_27' title="bbox 565 1837 1864 1911; baseline 0 -18"><span class='ocrx_word' id='word_1_133' title='bbox 565 1838 876 1911; x_wconf 86' lang='lat' dir='ltr'><strong>Loripedem</strong></span> <span class='ocrx_word' id='word_1_134' title='bbox 900 1846 1072 1894; x_wconf 86' lang='lat' dir='ltr'><strong>rectus</strong></span> <span class='ocrx_word' id='word_1_135' title='bbox 1090 1837 1339 1903; x_wconf 86' lang='lat' dir='ltr'><strong>derideat,</strong></span> <span class='ocrx_word' id='word_1_136' title='bbox 1363 1838 1669 1911; x_wconf 84' lang='lat' dir='ltr'><strong>Aethiopem</strong></span> <span class='ocrx_word' id='word_1_137' title='bbox 1688 1838 1864 1894; x_wconf 73' lang='lat' dir='ltr'><strong>albus,</strong></span> 
     </span>
     <span class='ocr_line' id='line_1_28' title="bbox 566 1911 1869 1985; baseline 0 -18"><span class='ocrx_word' id='word_1_138' title='bbox 566 1911 698 1979; x_wconf 90' lang='lat' dir='ltr'><strong>Quis</strong></span> <span class='ocrx_word' id='word_1_139' title='bbox 719 1914 897 1968; x_wconf 85' lang='lat' dir='ltr'><strong>tulerit</strong></span> <span class='ocrx_word' id='word_1_140' title='bbox 914 1914 1178 1968; x_wconf 78' lang='lat' dir='ltr'><strong>Gracchos</strong></span> <span class='ocrx_word' id='word_1_141' title='bbox 1194 1913 1262 1968; x_wconf 87' lang='lat' dir='ltr'><strong>de</strong></span> <span class='ocrx_word' id='word_1_142' title='bbox 1281 1912 1536 1968; x_wconf 83' lang='lat' dir='ltr'><strong>seditione</strong></span> <span class='ocrx_word' id='word_1_143' title='bbox 1553 1912 1869 1985; x_wconf 69' lang='lat' dir='ltr'><strong>querentes?</strong></span> 
     </span>
     <span class='ocr_line' id='line_1_29' title="bbox 561 1986 1933 2059; baseline 0 -18"><span class='ocrx_word' id='word_1_144' title='bbox 561 1988 686 2059; x_wconf 88' lang='lat' dir='ltr'><strong>quis</strong></span> <span class='ocrx_word' id='word_1_145' title='bbox 705 1986 909 2042; x_wconf 89' lang='lat' dir='ltr'><strong>coelum</strong></span> <span class='ocrx_word' id='word_1_146' title='bbox 930 1988 1079 2046; x_wconf 77' lang='lat' dir='ltr'><strong>terris</strong></span> <span class='ocrx_word' id='word_1_147' title='bbox 1097 1986 1209 2042; x_wconf 84' lang='lat' dir='ltr'><strong>non&#39;</strong></span> <span class='ocrx_word' id='word_1_148' title='bbox 1225 1988 1438 2042; x_wconf 85' lang='lat' dir='ltr'><strong>misceat</strong></span> <span class='ocrx_word' id='word_1_149' title='bbox 1453 1995 1505 2042; x_wconf 91' lang='lat' dir='ltr'><strong>et</strong></span> <span class='ocrx_word' id='word_1_150' title='bbox 1521 2005 1666 2043; x_wconf 87' lang='lat' dir='ltr'><strong>mare</strong></span> <span class='ocrx_word' id='word_1_151' title='bbox 1679 1987 1844 2053; x_wconf 85' lang='lat' dir='ltr'><strong>coelo,</strong></span> <span class='ocrx_word' id='word_1_152' title='bbox 1928 2009 1933 2017; x_wconf 93' lang='lat'><em>·</em></span> 
     </span>
     <span class='ocr_line' id='line_1_30' title="bbox 567 2060 1700 2132; baseline 0 -17"><span class='ocrx_word' id='word_1_153' title='bbox 567 2062 613 2115; x_wconf 91' lang='lat' dir='ltr'><strong>si</strong></span> <span class='ocrx_word' id='word_1_154' title='bbox 638 2060 724 2116; x_wconf 83' lang='lat' dir='ltr'><strong>sur</strong></span> <span class='ocrx_word' id='word_1_155' title='bbox 740 2060 1012 2132; x_wconf 81' lang='lat' dir='ltr'><strong>displiceat</strong></span> <span class='ocrx_word' id='word_1_156' title='bbox 1027 2062 1197 2123; x_wconf 85' lang='lat' dir='ltr'><strong>Verri,</strong></span> <span class='ocrx_word' id='word_1_157' title='bbox 1220 2062 1483 2117; x_wconf 84' lang='lat' dir='ltr'><strong>homicida</strong></span> <span class='ocrx_word' id='word_1_158' title='bbox 1500 2062 1700 2127; x_wconf 84' lang='lat' dir='ltr'><strong>Miloni,</strong></span> 
     </span>
     <span class='ocr_line' id='line_1_31' title="bbox 565 2134 1881 2210; baseline -0.001 -18"><span class='ocrx_word' id='word_1_159' title='bbox 565 2136 781 2192; x_wconf 85' lang='lat' dir='ltr'><strong>Clodius</strong></span> <span class='ocrx_word' id='word_1_160' title='bbox 800 2143 1007 2190; x_wconf 87' lang='lat' dir='ltr'><strong>accuset</strong></span> <span class='ocrx_word' id='word_1_161' title='bbox 1025 2136 1286 2202; x_wconf 76' lang='lat' dir='ltr'><strong>moechoS,</strong></span> <span class='ocrx_word' id='word_1_162' title='bbox 1310 2136 1531 2192; x_wconf 78' lang='lat' dir='ltr'><strong>Catilina</strong></span> <span class='ocrx_word' id='word_1_163' title='bbox 1550 2134 1881 2210; x_wconf 72' lang='lat' dir='ltr'><strong>Cethegum?</strong></span> 
     </span>
     <span class='ocr_line' id='line_1_32' title="bbox 565 2209 1761 2282; baseline 0 -17"><span class='ocrx_word' id='word_1_164' title='bbox 565 2212 622 2265; x_wconf 90' lang='lat' dir='ltr'><strong>in</strong></span> <span class='ocrx_word' id='word_1_165' title='bbox 641 2209 878 2266; x_wconf 76' lang='lat' dir='ltr'><strong>tabulam</strong></span> <span class='ocrx_word' id='word_1_166' title='bbox 897 2210 1073 2265; x_wconf 90' lang='lat' dir='ltr'><strong>Sullae</strong></span> <span class='ocrx_word' id='word_1_167' title='bbox 1091 2211 1137 2265; x_wconf 89' lang='lat' dir='ltr'><strong>si</strong></span> <span class='ocrx_word' id='word_1_168' title='bbox 1155 2211 1331 2267; x_wconf 82' lang='lat' dir='ltr'><strong>dicant</strong></span> <span class='ocrx_word' id='word_1_169' title='bbox 1347 2210 1594 2282; x_wconf 84' lang='lat' dir='ltr'><strong>discipuli</strong></span> <span class='ocrx_word' id='word_1_170' title='bbox 1618 2210 1761 2268; x_wconf 70' lang='lat' dir='ltr'><strong>tres?</strong></span> 
     </span>
     <span class='ocr_line' id='line_1_33' title="bbox 565 2284 1743 2359; baseline 0 -19"><span class='ocrx_word' id='word_1_171' title='bbox 565 2285 741 2357; x_wconf 82' lang='lat' dir='ltr'><strong>qualis</strong></span> <span class='ocrx_word' id='word_1_172' title='bbox 761 2292 871 2340; x_wconf 78' lang='lat' dir='ltr'><strong>erat</strong></span> <span class='ocrx_word' id='word_1_173' title='bbox 888 2302 1056 2357; x_wconf 87' lang='lat' dir='ltr'><strong>nuper</strong></span> <span class='ocrx_word' id='word_1_174' title='bbox 1073 2286 1270 2359; x_wconf 81' lang='lat' dir='ltr'><strong>tragico</strong></span> <span class='ocrx_word' id='word_1_175' title='bbox 1288 2284 1520 2357; x_wconf 83' lang='lat' dir='ltr'><strong>pollutus</strong></span> <span class='ocrx_word' id='word_1_176' title='bbox 1540 2285 1743 2341; x_wconf 79' lang='lat' dir='ltr'><strong>adulter</strong></span> 
     </span>
     <span class='ocr_line' id='line_1_34' title="bbox 565 2359 1815 2433; baseline -0.001 -19"><span class='ocrx_word' id='word_1_177' title='bbox 565 2360 869 2425; x_wconf 81' lang='lat' dir='ltr'><strong>concubitu,</strong></span> <span class='ocrx_word' id='word_1_178' title='bbox 892 2361 987 2431; x_wconf 89' lang='lat' dir='ltr'><strong>qui</strong></span> <span class='ocrx_word' id='word_1_179' title='bbox 1008 2368 1137 2415; x_wconf 87' lang='lat' dir='ltr'><strong>tunc</strong></span> <span class='ocrx_word' id='word_1_180' title='bbox 1154 2360 1295 2433; x_wconf 82' lang='lat' dir='ltr'><strong>leges</strong></span> <span class='ocrx_word' id='word_1_181' title='bbox 1314 2359 1587 2415; x_wconf 84' lang='lat' dir='ltr'><strong>revocabat</strong></span> <span class='ocrx_word' id='word_1_182' title='bbox 1610 2376 1815 2414; x_wconf 82' lang='lat' dir='ltr'><strong>amaras</strong></span> 
     </span>
     <span class='ocr_line' id='line_1_35' title="bbox 567 2432 1959 2507; baseline 0.001 -18"><span class='ocrx_word' id='word_1_183' title='bbox 567 2435 838 2499; x_wconf 78' lang='lat' dir='ltr'><strong>omnibuS,</strong></span> <span class='ocrx_word' id='word_1_184' title='bbox 862 2442 1018 2506; x_wconf 82' lang='lat' dir='ltr'><strong>atque</strong></span> <span class='ocrx_word' id='word_1_185' title='bbox 1037 2435 1168 2505; x_wconf 86' lang='lat' dir='ltr'><strong>ipsis</strong></span> <span class='ocrx_word' id='word_1_186' title='bbox 1187 2434 1374 2491; x_wconf 86' lang='lat' dir='ltr'><strong>Veneri</strong></span> <span class='ocrx_word' id='word_1_187' title='bbox 1394 2435 1654 2507; x_wconf 80' lang='lat' dir='ltr'><strong>Martique</strong></span> <span class='ocrx_word' id='word_1_188' title='bbox 1671 2432 1959 2503; x_wconf 86' lang='lat' dir='ltr'><strong>timendas,</strong></span> 
     </span>
     <span class='ocr_line' id='line_1_36' title="bbox 567 2507 1792 2581; baseline -0.001 -18"><span class='ocrx_word' id='word_1_189' title='bbox 567 2526 738 2581; x_wconf 88' lang='lat' dir='ltr'><strong>quum</strong></span> <span class='ocrx_word' id='word_1_190' title='bbox 765 2516 839 2564; x_wconf 85' lang='lat' dir='ltr'><strong>tot</strong></span> <span class='ocrx_word' id='word_1_191' title='bbox 856 2509 1107 2565; x_wconf 86' lang='lat' dir='ltr'><strong>abortivis</strong></span> <span class='ocrx_word' id='word_1_192' title='bbox 1126 2507 1404 2563; x_wconf 83' lang='lat' dir='ltr'><strong>fecundam</strong></span> <span class='ocrx_word' id='word_1_193' title='bbox 1423 2508 1555 2563; x_wconf 85' lang='lat' dir='ltr'><strong>Iulia</strong></span> <span class='ocrx_word' id='word_1_194' title='bbox 1571 2508 1792 2564; x_wconf 82' lang='lat' dir='ltr'><strong>vulvam</strong></span> 
     </span>
     <span class='ocr_line' id='line_1_37' title="bbox 568 2581 1780 2654; baseline -0.002 -16"><span class='ocrx_word' id='word_1_195' title='bbox 568 2582 809 2647; x_wconf 84' lang='lat' dir='ltr'><strong>solveret,</strong></span> <span class='ocrx_word' id='word_1_196' title='bbox 833 2589 884 2637; x_wconf 83' lang='lat' dir='ltr'><strong>et</strong></span> <span class='ocrx_word' id='word_1_197' title='bbox 902 2590 1088 2654; x_wconf 84' lang='lat' dir='ltr'><strong>patruo</strong></span> <span class='ocrx_word' id='word_1_198' title='bbox 1106 2582 1310 2637; x_wconf 84' lang='lat' dir='ltr'><strong>similes</strong></span> <span class='ocrx_word' id='word_1_199' title='bbox 1328 2581 1614 2639; x_wconf 81' lang='lat' dir='ltr'><strong>effunderet</strong></span> <span class='ocrx_word' id='word_1_200' title='bbox 1633 2582 1780 2638; x_wconf 84' lang='lat' dir='ltr'><strong>offas.</strong></span> 
     </span>
     <span class='ocr_line' id='line_1_38' title="bbox 569 2656 1888 2728; baseline 0.001 -17"><span class='ocrx_word' id='word_1_201' title='bbox 569 2659 757 2712; x_wconf 89' lang='lat' dir='ltr'><strong>Nonne</strong></span> <span class='ocrx_word' id='word_1_202' title='bbox 774 2657 940 2728; x_wconf 81' lang='lat' dir='ltr'><strong>igitur</strong></span> <span class='ocrx_word' id='word_1_203' title='bbox 956 2657 1072 2711; x_wconf 85' lang='lat' dir='ltr'><strong>iure</strong></span> <span class='ocrx_word' id='word_1_204' title='bbox 1091 2673 1151 2711; x_wconf 88' lang='lat' dir='ltr'><strong>ac</strong></span> <span class='ocrx_word' id='word_1_205' title='bbox 1169 2657 1355 2711; x_wconf 85' lang='lat' dir='ltr'><strong>merito</strong></span> <span class='ocrx_word' id='word_1_206' title='bbox 1375 2657 1498 2711; x_wconf 84' lang='lat' dir='ltr'><strong>vitia</strong></span> <span class='ocrx_word' id='word_1_207' title='bbox 1523 2657 1715 2712; x_wconf 82' lang='lat' dir='ltr'><strong>ultima</strong></span> <span class='ocrx_word' id='word_1_208' title='bbox 1738 2656 1888 2712; x_wconf 81' lang='lat' dir='ltr'><strong>fictos</strong></span> 
     </span>
    </p>
   </div>
   <div class='ocr_carea' id='block_1_10' title="bbox 464 2729 1873 2804">
    <p class='ocr_par' dir='ltr' id='par_1_14' title="bbox 464 2729 1873 2804">
     <span class='ocr_line' id='line_1_39' title="bbox 464 2729 1873 2804; baseline -0.001 -19"><span class='ocrx_word' id='word_1_209' title='bbox 464 2739 515 2786; x_wconf 76' lang='lat'><strong>35</strong></span> <span class='ocrx_word' id='word_1_210' title='bbox 569 2736 914 2787; x_wconf 82' lang='lat' dir='ltr'><strong>contemnunt</strong></span> <span class='ocrx_word' id='word_1_211' title='bbox 928 2729 1169 2798; x_wconf 87' lang='lat' dir='ltr'><strong>Scauros,</strong></span> <span class='ocrx_word' id='word_1_212' title='bbox 1195 2739 1251 2787; x_wconf 86' lang='lat' dir='ltr'><strong>et</strong></span> <span class='ocrx_word' id='word_1_213' title='bbox 1272 2731 1520 2804; x_wconf 81' lang='lat' dir='ltr'><strong>castigata</strong></span> <span class='ocrx_word' id='word_1_214' title='bbox 1539 2731 1873 2787; x_wconf 71' lang='lat' dir='ltr'><strong>remordent?</strong></span> 
     </span>
    </p>
   </div>
  </div>
 </body>
</html>
