2209 3217
683 288 975 336 SATIRA
1009 289 1150 336 x1v.
1556 287 1655 340 ⁴39

157 386 464 463 progenies,
489 386 795 444 stimulante
811 386 969 455 fame,
990 386 1201 444 festinat
1220 387 1287 442 ad
1301 387 1468 457 illam,

156 481 327 536 quam
347 464 588 535 primum
607 462 858 535 praedam
878 470 1033 535 rupto
1046 469 1349 536 gustaverat
1365 481 1480 521 ovo.
1716 478 1767 521 85

230 538 553 595 Aedificator
569 545 679 593 erat
698 535 1026 603 centronius,
1049 544 1103 593 et
1119 536 1278 593 modo
1294 554 1459 595 curvo

158 611 316 668 litore
335 611 562 677 Caietae,
584 628 797 668 summa
823 630 969 668 nunc
987 612 1204 668 Tiburis
1222 629 1356 677 aree,

159 703 310 743 nunc
327 687 684 742 Praenestinis
702 687 758 743 in
779 688 1053 743 montibus
1068 686 1173 743 alta
1192 686 1411 760 parabat

157 760 400 817 culmina
415 758 684 827 villarum,
710 760 924 817 Graecis
941 762 1204 835 longeque
1217 762 1394 834 petitis

160 834 548 903 marmoribus,
591 836 811 894 vincens
837 837 1098 965 For-tianae
1124 843 1283 909 atque
1308 835 1548 894 Herculis
1574 855 1660 892 ae-

1012 927 1117 976 em,
1715 922 1766 965 90

161 992 224 1048 ut
241 982 410 1058 spado
427 983 669 1040 vincebat
687 983 940 1055 Capitolia
958 992 1138 1042 nostra
1153 984 1385 1046 Posides·

161 1057 306 1113 Dum
328 1058 404 1113 sic
422 1075 548 1133 ergo
565 1058 784 1124 habitat,
810 1059 1124 1116 Centronius
1141 1059 1412 1114 imminuit
1428 1076 1561 1125 rem,

64 1159 69 1164 ·
162 1131 321 1206 fregit
343 1150 497 1204 opes;
539 1150 637 1190 neo
658 1150 823 1205 parva
843 1141 1021 1200 tamen
1039 1149 1288 1190 mensura
1308 1133 1515 1190 relictae

162 1207 332 1280 partis
350 1215 489 1262 erat:
530 1214 691 1263 totam
710 1208 850 1264 haue
867 1208 1103 1265 turbavit
1120 1207 1268 1263 filius
1283 1226 1485 1274 amens,

163 1282 299 1337 dum
317 1281 533 1337 meliore
552 1299 716 1338 novas
733 1282 923 1338 attollit
938 1299 1199 1340 marmore
1218 1281 1387 1339 villas.
1716 1294 1767 1337 95

239 1356 489 1423 Quidam,
512 1357 679 1411 sortiti
698 1364 1017 1413 metuentem
1036 1356 1255 1412 sabbata
1271 1363 1492 1428 patrem,

164 1430 242 1487 nil
261 1438 461 1504 praeter
483 1430 652 1487 nubes
677 1437 729 1486 et
749 1430 879 1487 eoeli
898 1448 1097 1490 numen
1118 1430 1352 1498 adorant,

165 1522 259 1561 nee
276 1505 470 1561 distare
487 1513 676 1578 putant
690 1506 927 1564 humana
942 1523 1099 1566 carne
1118 1506 1353 1574 suillam,

164 1597 270 1652 qua
289 1586 438 1651 pater
454 1580 737 1649 abstinuit;
776 1598 901 1640 mox
920 1588 972 1637 et
990 1581 1263 1654 praeputia
1279 1590 1509 1654 ponunt:

164 1654 625 1710 Romanas-autem
649 1655 791 1711 soliti
814 1663 1147 1714 contemnere
1162 1655 1325 1727 leges,
1688 1664 1767 1707 1⁰0

163 1728 443 1785 Iudaicum
457 1726 697 1782 ediscunt
715 1735 766 1781 et
788 1735 1003 1783 servant
1022 1744 1084 1781 ao
1099 1734 1345 1784 metuunt
1361 1729 1469 1792 ius,

162 1798 380 1858 tradidit
399 1814 588 1854 arcano
610 1799 988 1870 quodcumque
1003 1798 1282 1856 volumine
1296 1800 1496 1862 Moses:
1541 1841 1552 1848 .

165 1894 271 1936 non
293 1878 588 1930 monstrare
608 1872 742 1939 vias,
766 1871 949 1928 eadem
967 1872 1074 1928 nisi
1091 1888 1240 1928 sacra
1255 1871 1471 1942 colenti;

166 1949 472 2024 quaesitum
488 1946 558 2002 ad
575 1945 772 2004 fontem
792 1946 933 2006 solos
951 1944 1210 2004 deducere
1231 1963 1444 2020 verpus.

167 2024 270 2082 Sed
284 2031 433 2097 pater
451 2022 509 2080 in
525 2039 704 2090 eausa,
726 2022 815 2079 eui
832 2022 1057 2094 septima
1077 2036 1321 2094 quaeque
1340 2022 1443 2080 fuit
1462 2021 1562 2079 lux
1692 2033 1770 2077 105

169 2102 361 2175 ignava
379 2105 431 2153 et
454 2104 658 2170 partem
675 2097 815 2153 vitae
832 2114 940 2155 non
965 2096 1138 2171 attigit
1155 2096 1339 2154 ullam.

240 2173 433 2246 Sponte
449 2180 624 2229 tamen
644 2172 862 2232 iuvenes
880 2173 1155 2229 imitantur
1170 2180 1364 2232 cetera:
1404 2170 1571 2228 solam

169 2249 322 2306 inviti
337 2264 554 2320 quoque
569 2249 846 2304 avaritiam
862 2247 1393 2306 exeroere‘iubenmr.

168 2323 322 2379 Fallit
339 2323 485 2378 enim
502 2322 695 2381 vitium
720 2324 893 2395 specie
909 2323 1124 2380 virtutis
1141 2330 1194 2378 et
1210 2322 1422 2386 umbra,

171 2415 338 2471 quum
356 2397 428 2452 sit
444 2397 590 2452 triste
609 2397 813 2463 habitu,
838 2397 1099 2470 vultuque
1116 2403 1170 2453 et
1190 2403 1336 2453 veste
1349 2410 1611 2453 severum.
1689 2405 1768 2451 110

171 2475 275 2530 Nec
292 2471 453 2528 dubie
471 2478 743 2544 tamquam
762 2469 905 2544 frugi
924 2471 1171 2530 laudatur
1187 2486 1399 2536 avarus,

170 2555 440 2619 tamquam
462 2563 652 2617 pareus
672 2546 832 2601 homo
849 2553 901 2601 et
917 2564 1094 2604 rerum
1114 2543 1276 2602 tutela
1293 2559 1516 2604 suarum

158 2629 303 2682 ‚certa
322 2621 513 2694 magis,
535 2638 701 2693 quam
719 2619 957 2678 fortunas
972 2621 1023 2675 si
1041 2627 1213 2677 servet
1228 2619 1441 2676 easdem

62 2711 69 2760 ¹,
171 2696 524 2776 Hesperidum
538 2711 756 2769 serpens
774 2702 867 2752 aut
885 2696 1156 2754 Ponticus.
1195 2693 1670 2770 Adeoquodhuno,

974 2769 1040 2828 de
