2209 3217
700 286 991 332 SATIRA
1026 288 1117 334 Ἡ.
1583 292 1640 345 Ἡ

152 377 268 435 vela
286 378 499 445 domus,
522 388 574 435 et
593 383 770 439 adhuc
787 385 982 440 virides
1002 385 1057 440 in
1077 384 1261 443 limine
1281 408 1472 451 ramos.

153 453 242 507 Sic
258 456 444 508 crescit
471 473 730 513 numerus
745 478 757 526 ;
800 459 878 515 sic
899 460 1034 515 fiunt
1049 470 1164 516 octo
1178 466 1351 517 mariti
1491 524 1498 532 ,

152 529 396 600 quinque
414 547 508 600 per
524 539 865 589 auctumnos:
908 535 1062 590 titulo
1086 554 1169 590 res
1188 536 1351 610 digna
1369 542 1610 610 sepulcri.
1675 556 1755 600 Ἀθ

228 603 560 673 Desperanda
583 607 678 661 tibi
697 608 842 663 salva
856 611 1133 666 concordia
1152 629 1323 667 socru.
1418 615 1422 619 ’

152 675 247 731 Illa
267 676 416 732 docet
434 678 618 750 spoliis
637 682 766 736 nudi
786 686 1017 756 gaudere
1033 688 1237 756 mariti3

153 750 242 805 illa
260 751 430 818 docet,
456 755 635 809 missis
656 774 685 810 a
708 767 1010 829 corruptore
1029 761 1251 825 tabellis,
1395 813 1401 817 .

152 824 228 879 nil
248 825 400 891 rude,
429 827 504 882 nil
528 830 756 901 simplex
774 835 1081 890 rescribere:
1125 836 1318 907 decipit
1337 835 1426 892 illa

151 900 526 966 custodes5aut
545 922 660 959 aere
677 906 873 964 domat.
945 910 1111 974 Tunc,
1140 928 1354 983 corpore
1372 929 1521 981 sano,
1677 923 1754 968 235

152 973 370 1029 advocat
388 975 737 1052 Archigenen,
764 999 1085 1056 onerosaque
1103 985 1263 1056 pallia
1285 986 1455 1041 iactat.

150 1048 380 1103 Abditus
401 1050 593 1107 interea
612 1052 736 1108 latet
751 1063 803 1110 et
819 1067 1045 1113 secretus
1066 1059 1287 1125 adulter,

149 1122 541 1197 impatiensque
557 1145 732 1183 morae
751 1140 920 1201 pavet,
945 1141 995 1187 et
1014 1135 1285 1205 praeputia
1304 1132 1470 1189 ducit.

147 1196 356 1252 Scilicet
374 1210 658 1271 exspectas,
680 1212 742 1257 ut
760 1206 927 1260 tradat
952 1215 1117 1261 mater
1134 1209 1386 1263 honestos·

147 1279 308 1343 atque
327 1272 460 1327 alios
479 1292 668 1341 mres»,
693 1296 857 1349 quam
875 1297 1010 1351 quos
1034 1281 1226 1337 habet?
1260 1282 1396 1338 Utile
1414 1300 1568 1355 porro
1672 1292 1751 1339 24⁰

146 1345 367 1401 filiolam
389 1350 529 1420 turpi
550 1351 755 1406 vetulae
779 1354 1061 1424 producere
1078 1363 1302 1427 turpem.

215 1420 382 1476 Nulla
400 1422 506 1478 fere
523 1441 680 1480 causa
700 1435 794 1492 est,
822 1429 874 1483 in
895 1446 1001 1501 qua
1022 1448 1127 1486 non
1152 1431 1348 1488 femina
1368 1430 1510 1507 litem

145 1497 384 1556 moverit.
442 1496 665 1555 Accusat
682 1502 914 1570 Manilia,
938 1506 985 1559 si
1005 1523 1090 1560 rea
1114 1525 1218 1562 non
1239 1515 1339 1562 est.

144 1568 484 1643 Componunt
502 1575 645 1645 ipsae
661 1594 754 1648 per
772 1596 830 1633 se
848 1578 1182 1653 formantque
1206 1582 1429 1648 libellos,

143 1645 469 1717 principium
491 1656 647 1720 atque
666 1651 804 1706 locos
823 1653 974 1714 Celso
998 1656 1195 1710 dictare
1212 1666 1433 1727 paratae.
1667 1668 1747 1714 245

210 1721 570 1777 Endromidas
590 1725 776 1797 Tyrias
795 1734 847 1780 et
864 1727 1155 1783 femineum
1179 1746 1381 1784 ceroma

142 1795 262 1866 quis
291 1794 498 1849 nescit?
534 1803 625 1849 aut
640 1798 766 1866 quis
788 1815 896 1852 non
917 1799 1052 1853 vidit
1079 1801 1298 1856 vulnera
1315 1802 1460 1872 pali?

142 1887 300 1942 quem
323 1874 480 1922 cavat
497 1867 735 1922 adsiduis
752 1871 979 1925 sudibus
998 1880 1251 1944 scutoque
1270 1874 1491 1940 lacessit,

141 1952 300 2017 atque
320 1957 510 1997 omnes
530 1940 998 2016 impletqnumeros,
1022 1946 1337 2020 dignissima
1355 1966 1572 2023 prorsus

141 2017 309 2075 florali
330 2023 572 2071 matrona
591 2017 747 2085 tuba3
791 2020 894 2073 nisi
920 2022 1121 2093 siquid
1142 2023 1195 2077 in
1218 2022 1308 2079 illo
1667 2039 1745 2084 25⁰

140 2104 346 2165 pectore
362 2089 491 2162 plus
512 2091 689 2165 agitat,
712 2111 970 2167 veraeque
992 2105 1206 2168 paratur
1230 2116 1415 2156 arenae

141 2167 312 2235 Quem
334 2173 597 2237 praestare
613 2176 782 2241 potest
800 2170 993 2226 mulier
1008 2172 1209 2245 galeata
1227 2175 1501 2245 pudorem,

141 2260 279 2315 quae
294 2236 436 2314 fugit
452 2258 482 2294 a
499 2259 632 2298 sexu
645 2243 675 2298 ⁴?
710 2244 860 2301 Vires
884 2254 1044 2302 amat.
1102 2250 1238 2304 Haec
1252 2258 1424 2305 tamen
1443 2251 1560 2323 ipsa

138 2318 221 2373 vir
238 2315 405 2371 nollet
427 2315 564 2373 fieri:
605 2336 731 2375 nam
751 2320 1007 2393 quantula
1029 2332 1202 2379 nostra
1223 2324 1506 2396 voluptas?

42 2403 53 2418 ·
139 2391 308 2458 Quale
324 2390 487 2445 decus
505 2409 701 2460 rerum,
729 2395 778 2450 si
802 2398 1044 2471 coniugis
1062 2400 1235 2453 auctio
1254 2399 1378 2453 fiat‘?
1624 2445 1630 2450 .
1660 2413 1738 2457 255

139 2466 350 2536 Balteus
373 2473 425 2520 et
444 2467 679 2524 manicae
696 2477 747 2524 et
764 2471 951 2528 cristae
969 2473 1248 2543 crurisque
1265 2472 1468 2527 sinistri

138 2539 424 2595 dimidium
443 2541 702 2614 tegimen:
744 2544 847 2608 vel,
871 2545 916 2599 si
937 2545 1147 2600 diversa
1173 2546 1405 2601 movebit
1440 2575 1446 2582 -

137 2614 352 2685 proelia,
374 2621 435 2669 tu
452 2614 598 2682 felix,
620 2632 797 2671 ocreas
816 2618 1073 2673 vendente
1094 2619 1289 2690 puella.

124 2690 242 2746 -Hae
259 2695 408 2755 sunt,
432 2706 572 2761 quae
588 2691 734 2745 tenui
754 2692 948 2746 sudant
965 2692 1021 2746 in
1041 2693 1282 2766 cyclade„
1295 2711 1523 2767 quarum

135 2763 350 2821 delicias
370 2771 422 2819 et
440 2765 759 2836 panniculus
776 2766 1131 2841 bombycinus
1151 2769 1271 2825 urit.
1659 2778 1737 2819 26⁰
