2209 3217
538 239 634 295 128
1062 242 1491 290 IUVENALIS

536 345 769 415 imponet
791 341 969 409 vittas,
989 348 1058 407 et,
1083 343 1132 397 si
1150 360 1259 414 qua
1278 349 1358 397 est
1381 341 1584 397 nubilis
1600 341 1681 396 illi

537 416 811 491 Iphigenia
835 416 1000 482 domi,
1024 417 1174 471 dabit
1192 416 1330 471 hane
1346 415 1618 481 altaribus,
1641 416 1739 472 etsi

428 502 508 545 ¹2⁰
536 508 643 547 non
664 498 837 562 sperat
853 492 1082 564 tragicae
1098 489 1293 546 furtiva
1310 489 1518 562 piacula
1537 508 1739 546 cervae.

537 565 720 621 Laudo
737 583 920 620 meum
939 566 1130 624 civem,
1155 581 1252 619 nee
1268 582 1516 637 comparo
1535 573 1842 620 testamento

539 639 687 695 mille
707 646 870 695 rates:
914 656 1038 694 nam
1058 640 1105 693 si
1126 638 1414 694 Libitinam
1433 640 1657 695 evaserit
1673 641 1845 714 aeger,

539 714 734 769 delebit
750 713 974 778 tabulas,
996 712 1238 769 inclusus
1256 730 1457 768 earcere
1475 731 1681 779 nassae,

536 796 657 861 post
675 788 922 843 meritum
942 805 1070 843 sane
1087 787 1411 853 mirandum,
1437 796 1594 860 atque
1612 788 1793 844 omnia
1810 788 1914 845 soli

431 872 510 917 ¹25
525 862 713 919 ,forsan
733 862 962 917 Pacuvio
979 863 1206 918 breviter
1222 862 1384 917 dabit.
1441 862 1535 917 Ille
1545 864 1819 935 superbus

540 938 743 995 ineedet
763 937 917 991 victis
937 937 1213 993 rivalibus.
1269 938 1413 1011 Ergo
1430 937 1598 1005 vides,
1622 955 1789 1009 quam

539 1012 741 1088 grande
758 1029 945 1084 operae
962 1013 1192 1085 pretium
1213 1010 1367 1068 faeiat
1386 1011 1621 1086 iugulata
1642 1012 1904 1086 Mycenis,

616 1088 772 1142 Vivat
789 1088 1070 1154 Pacuvius,
1094 1102 1310 1161 quaese,
1333 1085 1417 1141 vel
1438 1087 1654 1142 Nestora
1681 1094 1878 1142 totum:

543 1161 822 1234 possideat,
852 1169 1119 1235 quantum
1145 1160 1321 1233 rapuit
1347 1162 1509 1216 Nero:
1552 1163 1826 1217 montibus
1846 1179 2041 1218 aurum

435 1245 514 1289 ¹30
541 1244 824 1309 exaequet;
849 1254 946 1294 nee
962 1245 1101 1294 amet
1120 1252 1467 1310 quemquam,
1484 1253 1581 1292 nec
1597 1245 1803 1296 ametur
1814 1237 1885 1293 ab
1898 1235 2038 1292 ullo!

908 1485 1391 1545 SATIRA
1482 1489 1679 1545 xlll.

544 1625 693 1666 ARG.
717 1625 945 1665 Fundam
968 1624 1103 1663 fuerat
1122 1623 1318 1665 Calvinu-
1342 1626 1393 1665 αὶ
1419 1626 1567 1673 mico,
1584 1627 1656 1678 qni
1676 1625 1905 1677 depo-itum
1923 1629 2045 1667 eoin.

638 1695 811 1728 ravent.
859 1690 1003 1742 Inque
1025 1690 1075 1728 de
1101 1687 1297 1739 improhi-
1321 1689 1578 1741 periurisque
1602 1690 1750 1742 agitur,
1778 1703 1826 1728 ae
1843 1691 1894 1730 de
1911 1691 2046 1731 fonti-

637 1753 712 1791 bu·
737 1759 779 1791 et
804 1752 934 1792 eumin
958 1752 1082 1793 huin·
1108 1751 1396 1805 improbitatis,
1423 1755 1552 1807 deque
1573 1753 1820 1793 conscientia
1838 1759 1882 1792 et
1899 1754 2045 1805 poeni·

638 1816 925 1857 maleficorum.

618 1899 891 1979 Exemplo
913 1909 1292 1981 quodcumque
1314 1907 1456 1964 malo
1471 1906 1836 1971 committitur,
1859 1907 1973 1978 ipsi

544 1979 785 2050 displicet
803 1983 1021 2037 auctori.
1076 1984 1255 2037 Prima
1273 1991 1354 2038 est
1370 1984 1500 2037 haee
1515 1981 1664 2045 ultio,
1690 1981 1835 2051 quod
1854 1998 1917 2037 se

545 2052 724 2108 iudice
743 2069 898 2108 nemo
919 2071 1113 2109 nocens
1131 2056 1442 2120 absolvitur,
1464 2053 1702 2124 improba
1724 2057 1982 2123 quamvis

544 2127 710 2201 gratia
727 2125 925 2181 fallacis
944 2129 1199 2182 Praetoris
1218 2130 1400 2183 vicerit
1418 2146 1630 2182 urnam.

438 2215 461 2256 5
544 2202 688 2270 Quid
705 2200 898 2257 sentire
913 2207 1068 2273 putas
1085 2218 1289 2266 omnes,
1320 2200 1555 2265 Calvino,
1585 2201 1778 2255 recenti

545 2278 612 2334 de
630 2276 822 2333 scelere
838 2283 889 2331 et
907 2275 1031 2331 fidei
1051 2275 1270 2331 violatae
1286 2274 1542 2331 crimine?
1577 2274 1682 2331 Sed
1701 2292 1799 2330 nee

543 2361 653 2408 tam
670 2352 846 2409 tenuis
867 2368 1058 2408 oeneus
1068 2351 1167 2406 tibi
1188 2351 1424 2426 contigit,
1449 2360 1510 2409 ut
1528 2350 1806 2407 mediocris

546 2427 774 2483 iacturae
793 2433 845 2482 te
861 2435 1065 2501 mergat
1079 2431 1247 2496 onus;
1288 2443 1384 2482 nee
1401 2445 1516 2484 rara
1535 2426 1803 2493 videmus,

547 2519 686 2573 quae
710 2503 926 2574 pateris.
983 2503 1152 2558 Casus
1176 2502 1362 2558 multis
1377 2503 1468 2558 hie
1484 2503 1746 2577 cognitus,
1771 2517 1833 2556 ao
1849 2500 1959 2557 iam

439 2587 492 2630 ιο
546 2576 722 2641 trima,
746 2585 798 2632 et
814 2595 844 2633 e
863 2577 1038 2633 medio
1052 2579 1316 2635 Fortunae
1330 2578 1523 2634 ductus
1540 2594 1743 2633 acervo.

549 2650 814 2704 Ponamus
836 2652 1027 2707 nimios
1044 2655 1307 2726 gemitus:
1349 2651 1651 2727 flagrantior
1675 2666 1844 2722 aequo

551 2738 658 2777 non
675 2721 831 2778 debet
848 2724 997 2782 dolor
1013 2744 1131 2783 esse
1149 2728 1268 2792 viri,
1281 2743 1378 2784 neo
1395 2727 1616 2783 vulnere
1633 2726 1820 2782 maior.
