2209 3217
478 612 528 654 50

483 986 533 1028 55

486 1357 536 1398 60

487 1728 538 1771 65

591 200 686 252 430
1114 199 1536 248 IUVENALIS

586 300 880 359 Prandebat
897 300 1003 356 sibi
1023 300 1255 373 quisque
1273 300 1424 364 deuS,
1450 315 1547 353 nec
1564 298 1721 352 turba
1735 297 1965 354 deorum

583 376 724 441 talis,
745 383 807 431 ut
825 383 906 431 est
921 375 1096 440 bodie,
1121 382 1465 446 contentaque
1482 373 1654 427 sidera
1677 373 1864 444 paucis

589 451 904 506 numinibus
923 452 1174 505 miserum
1199 450 1457 521 urgebant
1478 447 1684 502 Atlanta
1705 447 1903 502 minori

584 525 828 598 pondere.
891 523 1142 580 Nondum
1162 523 1356 595 aliquis
1375 523 1591 578 sortitus
1609 522 1756 576 triste
1771 521 2035 593 profundi

585 600 889 671 imperium,
913 608 1004 653 aut
1027 597 1203 652 Sicula
1220 604 1404 653 torvus
1422 613 1546 652 cum
1561 597 1787 668 coniuge
1806 597 2027 653 Pluton.

587 676 695 729 Nec
711 682 838 739 rota,
861 690 957 728 nec
974 672 1184 737 Furiae,
1207 689 1304 726 nec
1319 687 1533 737 saxum,
1558 679 1650 727 aut
1666 671 1899 726 vulturis
1917 673 2022 727 atri

586 766 782 821 poena3
824 748 919 802 sed
934 745 1156 802 infernis
1178 746 1369 801 hilares
1387 747 1504 801 sine
1527 745 1743 821 regibus
1766 746 2015 802 umbrae.

587 822 901 894 Improbitas
922 820 1013 876 illo
1030 820 1132 875 fuit
1149 820 1477 876 admirabilis
1496 837 1643 876 aevo.

591 897 883 954 Credebant
899 896 1000 951 boc
1017 896 1219 969 grande
1238 895 1383 951 nefas
1400 903 1450 950 et
1470 902 1635 950 morte
1659 893 1939 966 piandum,

589 973 636 1027 si
656 972 864 1027 iuvenis
883 971 1061 1028 vetulo
1078 987 1186 1025 non
1206 970 1587 1036 adsurrexerat,
1610 969 1730 1031 etsi

591 1047 807 1102 barbato
826 1046 1145 1117 cuicumque
1167 1060 1317 1116 puer,
1341 1044 1460 1100 lieet
1477 1045 1592 1116 ipse
1611 1044 1813 1099 videret

592 1121 746 1193 plura
762 1120 908 1176 domi
926 1119 1090 1194 fraga,
1116 1127 1166 1175 et
1183 1120 1408 1175 maiores
1426 1117 1637 1193 glandis
1661 1134 1897 1173 acervos,

593 1197 724 1249 Tam
745 1194 1043 1251 venerabile
1060 1201 1185 1259 erat,
1207 1195 1512 1266 praecedere
1529 1199 1756 1265 quatuor
1773 1193 1956 1259 ann-is,

590 1270 869 1341 primaque
887 1287 983 1341 par
999 1269 1129 1325 adeo
1147 1286 1323 1325 sacrae
1341 1269 1535 1342 lanugo
1552 1268 1814 1323 senectae!

592 1346 764 1408 Nunc,
787 1345 834 1397 si
860 1344 1157 1415 depositum
1178 1360 1283 1399 non
1305 1345 1559 1399 infitietur
1577 1343 1800 1407 amicus,

593 1418 640 1471 si
665 1416 847 1471 reddat
867 1425 1094 1472 veterem
1114 1434 1239 1471 cum
1256 1425 1362 1472 tota
1389 1419 1638 1491 aerugine
1655 1416 1851 1481 follem,

592 1490 891 1563 prodigiosa
917 1490 1048 1544 fides
1066 1498 1117 1544 et
1137 1491 1324 1544 Tuscis
1341 1492 1504 1564 digna
1524 1491 1736 1557 libellis,

594 1581 836 1638 quaeque
859 1571 1098 1619 coronata
1118 1563 1330 1619 lustrari
1350 1565 1536 1620 debeat
1554 1583 1711 1639 agna.

592 1640 883 1714 Egregium
900 1646 1251 1711 sanctumque
1269 1639 1448 1695 virum
1468 1641 1517 1694 si
1535 1657 1709 1707 cerno,
1733 1639 2023 1695 bimembri

592 1716 693 1771 hoc
711 1722 1009 1770 monstrum
1032 1732 1198 1787 puero
1217 1723 1268 1770 et
1284 1715 1500 1770 miranti
1518 1715 1625 1771 iam
1648 1715 1753 1771 sub
1770 1722 1947 1769 aratro

594 1791 833 1863 piscibus
857 1791 1107 1855 inventis,
1133 1798 1183 1845 et
1201 1789 1333 1846 fetae
1349 1808 1596 1862 comparo
1614 1790 1808 1851 mulae,

595 1866 869 1931 sollicituS,
893 1873 1167 1938 tamquam
1188 1865 1388 1938 lapides
1406 1865 1647 1921 effuderit
1665 1864 1854 1928 imber,

594 1958 883 1996 examenve
903 1942 1085 2013 apium
1104 1940 1261 2014 longa
1280 1939 1571 1995 consederit
1594 1955 1699 1994 uva

595 2015 827 2070 culmine
845 2014 1072 2081 delubri,
1090 2023 1369 2088 tamquam
1389 2015 1446 2069 in
1466 2030 1611 2068 mare
1630 2011 1843 2066 fluxerit
1861 2014 2044 2070 amnis

488 2101 540 2146 70
593 2090 899 2165 gurgitibus
917 2090 1068 2145 miris
1090 2098 1141 2144 et
1160 2089 1306 2144 lactis
1325 2088 1516 2143 vortice
1533 2094 1756 2141 terrene.

493 2475 542 2518 75

670 2167 956 2237 Intercepta
975 2165 1152 2220 decem
1172 2161 1407 2233 quereris
1425 2159 1656 2213 sestertia
1679 2157 1869 2215 fraude

596 2238 883 2314 sacrilega?
934 2237 1093 2305 Quid,
1116 2237 1166 2291 si
1191 2235 1273 2290 bis
1291 2241 1503 2289 centum
1521 2233 1749 2305 perdidit
1766 2232 1897 2290 alter

597 2314 698 2370 hoc
715 2332 900 2371 arcana
920 2309 1114 2368 modo?
1149 2310 1401 2365 maiorem
1429 2309 1608 2364 tertius
1627 2308 1719 2364 illo

597 2407 886 2454 summam,
911 2404 1076 2459 quam
1100 2383 1311 2457 patulae
1329 2384 1424 2441 vix
1440 2392 1643 2457 ceperat
1658 2381 1891 2458 angulus
1914 2384 2101 2442 arcae?

598 2465 727 2520 Tam
750 2463 900 2519 facile
918 2470 968 2517 et
980 2479 1211 2534 pronum
1227 2469 1557 2547 estgsuperos
1571 2469 1903 2515 contemnere
1917 2467 2095 2526 testea,

578 2539 647 2612 ¹si
669 2537 903 2591 mortalis
922 2537 1062 2592 idem
1084 2554 1241 2593 nemo
1258 2537 1415 2591 sclatl
1457 2534 1699 2608 Adspice,
1722 2542 1923 2606 quanta

600 2626 726 2664 voce
749 2612 927 2694 neget!
970 2629 1111 2683 quae
1134 2613 1204 2668 sit
1226 2612 1331 2667 ficti
1350 2612 1640 2667 constantia
1658 2608 1867 2666 vultus!

605 2685 698 2736 Per
715 2682 851 2736 Solis
870 2684 1045 2742 radios
1062 2687 1389 2760 Tarpeiaque
1405 2686 1633 2743 fulmina
1652 2685 1789 2742 iurat
