<?xml version="1.0" encoding="UTF-8"?>
<!DOCTYPE html PUBLIC "-//W3C//DTD XHTML 1.0 Transitional//EN"
    "http://www.w3.org/TR/xhtml1/DTD/xhtml1-transitional.dtd">
<html xmlns="http://www.w3.org/1999/xhtml" xml:lang="en" lang="en">
 <head>
  <title>
</title>
<meta http-equiv="Content-Type" content="text/html;charset=utf-8" />
  <meta name='ocr-system' content='tesseract 3.04.00' />
  <meta name='ocr-capabilities' content='ocr_page ocr_carea ocr_par ocr_line ocrx_word'/>
</head>
<body>
  <div class='ocr_page' id='page_1' title='image "apersiiflacciet02weisgoog_0038.png"; bbox 0 0 2209 3217; ppageno 0'>
   <div class='ocr_carea' id='block_1_1' title="bbox 501 283 1456 339">
    <p class='ocr_par' dir='ltr' id='par_1_1' title="bbox 501 283 1456 339">
     <span class='ocr_line' id='line_1_1' title="bbox 501 283 1456 339; baseline -0.009 -1"><span class='ocrx_word' id='word_1_1' title='bbox 501 287 566 339; x_wconf 78' lang='lat'><strong>26</strong></span> <span class='ocrx_word' id='word_1_2' title='bbox 1102 287 1153 333; x_wconf 74' lang='lat' dir='ltr'>A</span> <span class='ocrx_word' id='word_1_3' title='bbox 1194 283 1456 331; x_wconf 77' lang='lat' dir='ltr'><strong>PERsn</strong></span> 
     </span>
    </p>
   </div>
   <div class='ocr_carea' id='block_1_2' title="bbox 397 385 1632 458">
    <p class='ocr_par' dir='ltr' id='par_1_2' title="bbox 397 385 1632 458">
     <span class='ocr_line' id='line_1_2' title="bbox 397 385 1632 458; baseline -0.008 -13"><span class='ocrx_word' id='word_1_4' title='bbox 397 402 450 445; x_wconf 78' lang='lat'><strong>15</strong></span> <span class='ocrx_word' id='word_1_5' title='bbox 503 390 758 444; x_wconf 72' lang='lat' dir='ltr'><strong>ditescant</strong></span> <span class='ocrx_word' id='word_1_6' title='bbox 775 386 873 441; x_wconf 86' lang='lat' dir='ltr'><strong>orti</strong></span> <span class='ocrx_word' id='word_1_7' title='bbox 892 385 1181 458; x_wconf 87' lang='lat' dir='ltr'><strong>peioribus,</strong></span> <span class='ocrx_word' id='word_1_8' title='bbox 1204 399 1380 455; x_wconf 86' lang='lat' dir='ltr'><strong>usque</strong></span> <span class='ocrx_word' id='word_1_9' title='bbox 1397 397 1632 436; x_wconf 78' lang='lat' dir='ltr'><strong>recusem</strong></span> 
     </span>
    </p>
   </div>
   <div class='ocr_carea' id='block_1_3' title="bbox 395 1136 445 1180">
    <p class='ocr_par' dir='ltr' id='par_1_3' title="bbox 395 1136 445 1180">
     <span class='ocr_line' id='line_1_3' title="bbox 395 1136 445 1180; baseline 0.02 -1"><span class='ocrx_word' id='word_1_10' title='bbox 395 1136 445 1180; x_wconf 86' lang='lat'><strong>25</strong></span> 
     </span>
    </p>
   </div>
   <div class='ocr_carea' id='block_1_4' title="bbox 395 1650 446 1691">
    <p class='ocr_par' dir='ltr' id='par_1_4' title="bbox 395 1650 446 1691">
     <span class='ocr_line' id='line_1_4' title="bbox 395 1650 446 1691; baseline 0 0"><span class='ocrx_word' id='word_1_11' title='bbox 395 1650 446 1691; x_wconf 75' lang='lat'><strong>30</strong></span> 
     </span>
    </p>
   </div>
   <div class='ocr_carea' id='block_1_5' title="bbox 500 457 1999 1781">
    <p class='ocr_par' dir='ltr' id='par_1_5' title="bbox 502 457 1924 521">
     <span class='ocr_line' id='line_1_5' title="bbox 502 457 1924 521; baseline -0.004 -4"><span class='ocrx_word' id='word_1_12' title='bbox 502 479 698 517; x_wconf 90' lang='lat' dir='ltr'><strong>curvus</strong></span> <span class='ocrx_word' id='word_1_13' title='bbox 716 461 785 515; x_wconf 90' lang='lat' dir='ltr'><strong>ob</strong></span> <span class='ocrx_word' id='word_1_14' title='bbox 804 461 860 515; x_wconf 88' lang='lat' dir='ltr'><strong>id</strong></span> <span class='ocrx_word' id='word_1_15' title='bbox 880 460 1053 515; x_wconf 90' lang='lat' dir='ltr'><strong>minui</strong></span> <span class='ocrx_word' id='word_1_16' title='bbox 1074 459 1239 521; x_wconf 88' lang='lat' dir='ltr'><strong>senio,</strong></span> <span class='ocrx_word' id='word_1_17' title='bbox 1269 464 1361 511; x_wconf 89' lang='lat' dir='ltr'><strong>aut</strong></span> <span class='ocrx_word' id='word_1_18' title='bbox 1380 473 1595 511; x_wconf 88' lang='lat' dir='ltr'><strong>coenare</strong></span> <span class='ocrx_word' id='word_1_19' title='bbox 1612 457 1730 511; x_wconf 85' lang='lat' dir='ltr'><strong>sine</strong></span> <span class='ocrx_word' id='word_1_20' title='bbox 1746 464 1924 521; x_wconf 84' lang='lat' dir='ltr'><strong>uncto,</strong></span> 
     </span>
    </p>

    <p class='ocr_par' dir='ltr' id='par_1_6' title="bbox 502 529 1935 679">
     <span class='ocr_line' id='line_1_6' title="bbox 502 529 1787 608; baseline -0.006 -18"><span class='ocrx_word' id='word_1_21' title='bbox 502 543 553 591; x_wconf 84' lang='lat' dir='ltr'><strong>et</strong></span> <span class='ocrx_word' id='word_1_22' title='bbox 576 537 793 608; x_wconf 89' lang='lat' dir='ltr'><strong>signum</strong></span> <span class='ocrx_word' id='word_1_23' title='bbox 813 535 865 588; x_wconf 91' lang='lat' dir='ltr'><strong>in</strong></span> <span class='ocrx_word' id='word_1_24' title='bbox 886 534 1074 604; x_wconf 88' lang='lat' dir='ltr'><strong>vapida</strong></span> <span class='ocrx_word' id='word_1_25' title='bbox 1093 549 1223 587; x_wconf 90' lang='lat' dir='ltr'><strong>naso</strong></span> <span class='ocrx_word' id='word_1_26' title='bbox 1240 530 1472 603; x_wconf 85' lang='lat' dir='ltr'><strong>tetigisse</strong></span> <span class='ocrx_word' id='word_1_27' title='bbox 1490 529 1689 602; x_wconf 88' lang='lat' dir='ltr'><strong>lagena.</strong></span> <span class='ocrx_word' id='word_1_28' title='bbox 1709 560 1787 572; x_wconf 92' lang='lat'><strong>—-</strong></span> 
     </span>
     <span class='ocr_line' id='line_1_7' title="bbox 576 604 1935 679; baseline -0.002 -15"><span class='ocrx_word' id='word_1_29' title='bbox 576 611 840 679; x_wconf 86' lang='lat' dir='ltr'><strong>Discrepet</strong></span> <span class='ocrx_word' id='word_1_30' title='bbox 857 609 943 662; x_wconf 88' lang='lat' dir='ltr'><strong>his</strong></span> <span class='ocrx_word' id='word_1_31' title='bbox 966 607 1124 661; x_wconf 77' lang='lat' dir='ltr'><strong>alius,</strong></span> <span class='ocrx_word' id='word_1_32' title='bbox 1184 604 1453 668; x_wconf 86' lang='lat' dir='ltr'><strong>Geminos,</strong></span> <span class='ocrx_word' id='word_1_33' title='bbox 1476 604 1778 674; x_wconf 87' lang='lat' dir='ltr'><strong>horoscope,</strong></span> <span class='ocrx_word' id='word_1_34' title='bbox 1806 622 1935 661; x_wconf 82' lang='lat' dir='ltr'><strong>varo</strong></span> 
     </span>
    </p>

    <p class='ocr_par' dir='ltr' id='par_1_7' title="bbox 501 678 1714 755">
     <span class='ocr_line' id='line_1_8' title="bbox 501 678 1714 755; baseline -0.006 -17"><span class='ocrx_word' id='word_1_35' title='bbox 501 683 748 755; x_wconf 83' lang='lat' dir='ltr'>producis</span> <span class='ocrx_word' id='word_1_36' title='bbox 767 682 941 755; x_wconf 87' lang='lat' dir='ltr'><strong>genio.</strong></span> <span class='ocrx_word' id='word_1_37' title='bbox 961 710 1041 723; x_wconf 89' lang='lat'>—</span> <span class='ocrx_word' id='word_1_38' title='bbox 1076 678 1214 734; x_wconf 91' lang='lat' dir='ltr'><strong>Solis</strong></span> <span class='ocrx_word' id='word_1_39' title='bbox 1237 678 1501 733; x_wconf 86' lang='lat' dir='ltr'><strong>natalibus</strong></span> <span class='ocrx_word' id='word_1_40' title='bbox 1520 685 1601 732; x_wconf 90' lang='lat' dir='ltr'><strong>est</strong></span> <span class='ocrx_word' id='word_1_41' title='bbox 1618 679 1714 749; x_wconf 80' lang='lat' dir='ltr'><strong>qui</strong></span> 
     </span>
    </p>

    <p class='ocr_par' dir='ltr' id='par_1_8' title="bbox 500 751 1811 831">
     <span class='ocr_line' id='line_1_9' title="bbox 500 751 1811 831; baseline -0.006 -19"><span class='ocrx_word' id='word_1_42' title='bbox 500 759 669 831; x_wconf 86' lang='lat' dir='ltr'><strong>tingat</strong></span> <span class='ocrx_word' id='word_1_43' title='bbox 692 756 810 810; x_wconf 91' lang='lat' dir='ltr'><strong>olus</strong></span> <span class='ocrx_word' id='word_1_44' title='bbox 824 756 1025 809; x_wconf 85' lang='lat' dir='ltr'><strong>siecum</strong></span> <span class='ocrx_word' id='word_1_45' title='bbox 1043 754 1218 808; x_wconf 86' lang='lat' dir='ltr'><strong>muria</strong></span> <span class='ocrx_word' id='word_1_46' title='bbox 1238 751 1381 807; x_wconf 80' lang='lat' dir='ltr'><strong>vafer</strong></span> <span class='ocrx_word' id='word_1_47' title='bbox 1400 752 1455 806; x_wconf 88' lang='lat' dir='ltr'><strong>in</strong></span> <span class='ocrx_word' id='word_1_48' title='bbox 1472 751 1631 806; x_wconf 88' lang='lat' dir='ltr'><strong>calice</strong></span> <span class='ocrx_word' id='word_1_49' title='bbox 1652 758 1811 816; x_wconf 78' lang='lat' dir='ltr'><strong>emta,</strong></span> 
     </span>
    </p>

    <p class='ocr_par' dir='ltr' id='par_1_9' title="bbox 502 825 1997 903">
     <span class='ocr_line' id='line_1_10' title="bbox 502 825 1997 903; baseline -0.003 -17"><span class='ocrx_word' id='word_1_50' title='bbox 502 832 617 903; x_wconf 90' lang='lat' dir='ltr'><strong>ipse</strong></span> <span class='ocrx_word' id='word_1_51' title='bbox 635 846 843 885; x_wconf 84' lang='lat' dir='ltr'><strong>sacrum</strong></span> <span class='ocrx_word' id='word_1_52' title='bbox 864 829 1093 882; x_wconf 85' lang='lat' dir='ltr'><strong>irrorans</strong></span> <span class='ocrx_word' id='word_1_53' title='bbox 1112 827 1505 899; x_wconf 84' lang='lat' dir='ltr'><strong>patinaepiper.</strong></span> <span class='ocrx_word' id='word_1_54' title='bbox 1563 826 1660 879; x_wconf 87' lang='lat' dir='ltr'><strong>Hic</strong></span> <span class='ocrx_word' id='word_1_55' title='bbox 1676 825 1815 880; x_wconf 90' lang='lat' dir='ltr'><strong>bona</strong></span> <span class='ocrx_word' id='word_1_56' title='bbox 1833 825 1997 884; x_wconf 85' lang='lat' dir='ltr'><strong>dente</strong></span> 
     </span>
    </p>

    <p class='ocr_par' dir='ltr' id='par_1_10' title="bbox 501 899 1991 979">
     <span class='ocr_line' id='line_1_11' title="bbox 501 899 1991 979; baseline -0.003 -19"><span class='ocrx_word' id='word_1_57' title='bbox 501 905 721 979; x_wconf 78' lang='lat' dir='ltr'>grandia</span> <span class='ocrx_word' id='word_1_58' title='bbox 731 903 1104 975; x_wconf 77' lang='lat' dir='ltr'><strong>magnanimus</strong></span> <span class='ocrx_word' id='word_1_59' title='bbox 1114 900 1555 973; x_wconf 88' lang='lat' dir='ltr'><strong>peragitpuer.—-</strong></span> <span class='ocrx_word' id='word_1_60' title='bbox 1571 899 1821 973; x_wconf 77' lang='lat' dir='ltr'><strong>UtaregO,</strong></span> <span class='ocrx_word' id='word_1_61' title='bbox 1842 907 1991 970; x_wconf 65' lang='lat' dir='ltr'><strong>utar,</strong></span> 
     </span>
    </p>

    <p class='ocr_par' dir='ltr' id='par_1_11' title="bbox 508 972 1651 1045">
     <span class='ocr_line' id='line_1_12' title="bbox 508 972 1651 1045; baseline -0.006 -12"><span class='ocrx_word' id='word_1_62' title='bbox 508 996 604 1033; x_wconf 89' lang='lat' dir='ltr'><strong>nec</strong></span> <span class='ocrx_word' id='word_1_63' title='bbox 621 977 871 1032; x_wconf 84' lang='lat' dir='ltr'>rhombos</span> <span class='ocrx_word' id='word_1_64' title='bbox 891 975 1007 1030; x_wconf 86' lang='lat' dir='ltr'><strong>ideo</strong></span> <span class='ocrx_word' id='word_1_65' title='bbox 1026 975 1227 1029; x_wconf 74' lang='lat' dir='ltr'><strong>libertis</strong></span> <span class='ocrx_word' id='word_1_66' title='bbox 1246 989 1439 1045; x_wconf 89' lang='lat' dir='ltr'><strong>ponere</strong></span> <span class='ocrx_word' id='word_1_67' title='bbox 1457 972 1651 1037; x_wconf 78' lang='lat' dir='ltr'><strong>lautus,</strong></span> 
     </span>
    </p>

    <p class='ocr_par' dir='ltr' id='par_1_12' title="bbox 507 1046 1741 1106">
     <span class='ocr_line' id='line_1_13' title="bbox 507 1046 1741 1106; baseline -0.006 0"><span class='ocrx_word' id='word_1_68' title='bbox 507 1069 604 1106; x_wconf 89' lang='lat' dir='ltr'><strong>nec</strong></span> <span class='ocrx_word' id='word_1_69' title='bbox 620 1059 832 1106; x_wconf 88' lang='lat' dir='ltr'><strong>tenuem</strong></span> <span class='ocrx_word' id='word_1_70' title='bbox 852 1050 1014 1105; x_wconf 89' lang='lat' dir='ltr'><strong>solers</strong></span> <span class='ocrx_word' id='word_1_71' title='bbox 1033 1049 1310 1104; x_wconf 88' lang='lat' dir='ltr'><strong>turdarum</strong></span> <span class='ocrx_word' id='word_1_72' title='bbox 1330 1063 1486 1101; x_wconf 88' lang='lat' dir='ltr'><strong>nosse</strong></span> <span class='ocrx_word' id='word_1_73' title='bbox 1502 1046 1741 1100; x_wconf 82' lang='lat' dir='ltr'><strong>salivam.</strong></span> 
     </span>
    </p>

    <p class='ocr_par' dir='ltr' id='par_1_13' title="bbox 502 1119 1806 1195">
     <span class='ocr_line' id='line_1_14' title="bbox 502 1119 1806 1195; baseline -0.004 -15"><span class='ocrx_word' id='word_1_74' title='bbox 502 1127 671 1182; x_wconf 86' lang='lat' dir='ltr'><strong>Messe</strong></span> <span class='ocrx_word' id='word_1_75' title='bbox 691 1133 845 1180; x_wconf 87' lang='lat' dir='ltr'><strong>tenus</strong></span> <span class='ocrx_word' id='word_1_76' title='bbox 865 1124 1076 1195; x_wconf 85' lang='lat' dir='ltr'><strong>propria</strong></span> <span class='ocrx_word' id='word_1_77' title='bbox 1094 1123 1234 1190; x_wconf 82' lang='lat' dir='ltr'><strong>vive,</strong></span> <span class='ocrx_word' id='word_1_78' title='bbox 1267 1128 1318 1176; x_wconf 90' lang='lat' dir='ltr'><strong>et</strong></span> <span class='ocrx_word' id='word_1_79' title='bbox 1334 1121 1576 1193; x_wconf 89' lang='lat' dir='ltr'><strong>granaria</strong></span> <span class='ocrx_word' id='word_1_80' title='bbox 1593 1119 1691 1192; x_wconf 80' lang='lat' dir='ltr'><strong>(fas</strong></span> <span class='ocrx_word' id='word_1_81' title='bbox 1709 1119 1806 1190; x_wconf 86' lang='lat' dir='ltr'><strong>est)</strong></span> 
     </span>
    </p>

    <p class='ocr_par' dir='ltr' id='par_1_14' title="bbox 503 1194 1996 1323">
     <span class='ocr_line' id='line_1_15' title="bbox 503 1194 1996 1323; baseline -0.001 -70"><span class='ocrx_word' id='word_1_82' title='bbox 503 1198 688 1254; x_wconf 86' lang='lat' dir='ltr'><strong>emole.</strong></span> <span class='ocrx_word' id='word_1_83' title='bbox 762 1195 904 1264; x_wconf 87' lang='lat' dir='ltr'>Quid</span> <span class='ocrx_word' id='word_1_84' title='bbox 931 1195 1176 1253; x_wconf 73' lang='lat' dir='ltr'><strong>metuas?</strong></span> <span class='ocrx_word' id='word_1_85' title='bbox 1199 1226 1280 1239; x_wconf 87' lang='lat'><strong>-·</strong></span> <span class='ocrx_word' id='word_1_86' title='bbox 1303 1194 1436 1323; x_wconf 54' lang='lat' dir='ltr'><strong>{meg</strong></span> <span class='ocrx_word' id='word_1_87' title='bbox 1450 1212 1463 1257; x_wconf 85' lang='lat'><strong>;</strong></span> <span class='ocrx_word' id='word_1_88' title='bbox 1496 1212 1561 1248; x_wconf 88' lang='lat' dir='ltr'><strong>en</strong></span> <span class='ocrx_word' id='word_1_89' title='bbox 1581 1211 1731 1267; x_wconf 84' lang='lat' dir='ltr'><strong>seges</strong></span> <span class='ocrx_word' id='word_1_90' title='bbox 1749 1195 1908 1250; x_wconf 84' lang='lat' dir='ltr'><strong>altera</strong></span> <span class='ocrx_word' id='word_1_91' title='bbox 1936 1195 1996 1251; x_wconf 88' lang='lat' dir='ltr'><strong>in</strong></span> 
     </span>
    </p>

    <p class='ocr_par' dir='ltr' id='par_1_15' title="bbox 503 1275 1999 1544">
     <span class='ocr_line' id='line_1_16' title="bbox 1343 1275 1677 1323; baseline -0.006 0"><span class='ocrx_word' id='word_1_92' title='bbox 1343 1286 1396 1323; x_wconf 86' lang='lat' dir='ltr'><strong>er</strong></span> <span class='ocrx_word' id='word_1_93' title='bbox 1437 1285 1465 1322; x_wconf 93' lang='lat' dir='ltr'><strong>a</strong></span> <span class='ocrx_word' id='word_1_94' title='bbox 1482 1275 1581 1322; x_wconf 70' lang='lat' dir='ltr'><strong>aet.</strong></span> <span class='ocrx_word' id='word_1_95' title='bbox 1599 1298 1677 1311; x_wconf 86' lang='lat'>—</span> 
     </span>
     <span class='ocr_line' id='line_1_17' title="bbox 503 1342 1749 1413; baseline -0.004 -13"><span class='ocrx_word' id='word_1_96' title='bbox 503 1345 570 1400; x_wconf 80' lang='lat' dir='ltr'><strong>At</strong></span> <span class='ocrx_word' id='word_1_97' title='bbox 592 1354 740 1400; x_wconf 85' lang='lat' dir='ltr'><strong>vocat</strong></span> <span class='ocrx_word' id='word_1_98' title='bbox 756 1343 1019 1399; x_wconf 84' lang='lat' dir='ltr'><strong>officium:</strong></span> <span class='ocrx_word' id='word_1_99' title='bbox 1059 1343 1209 1398; x_wconf 87' lang='lat' dir='ltr'><strong>trabe</strong></span> <span class='ocrx_word' id='word_1_100' title='bbox 1227 1350 1380 1413; x_wconf 87' lang='lat' dir='ltr'><strong>rupta</strong></span> <span class='ocrx_word' id='word_1_101' title='bbox 1398 1342 1595 1397; x_wconf 84' lang='lat' dir='ltr'><strong>Bruttia</strong></span> <span class='ocrx_word' id='word_1_102' title='bbox 1621 1359 1749 1395; x_wconf 87' lang='lat' dir='ltr'><strong>saxa</strong></span> 
     </span>
     <span class='ocr_line' id='line_1_18' title="bbox 504 1416 1999 1490; baseline -0.001 -17"><span class='ocrx_word' id='word_1_103' title='bbox 504 1418 716 1490; x_wconf 79' lang='lat' dir='ltr'><strong>prendit</strong></span> <span class='ocrx_word' id='word_1_104' title='bbox 747 1417 951 1473; x_wconf 89' lang='lat' dir='ltr'><strong>amicus</strong></span> <span class='ocrx_word' id='word_1_105' title='bbox 988 1418 1143 1489; x_wconf 90' lang='lat' dir='ltr'><strong>inops</strong></span> <span class='ocrx_word' id='word_1_106' title='bbox 1155 1456 1170 1481; x_wconf 84' lang='lat'>‚</span> <span class='ocrx_word' id='word_1_107' title='bbox 1218 1432 1438 1486; x_wconf 88' lang='lat' dir='ltr'><strong>remque</strong></span> <span class='ocrx_word' id='word_1_108' title='bbox 1474 1432 1686 1470; x_wconf 86' lang='lat' dir='ltr'><strong>omnem</strong></span> <span class='ocrx_word' id='word_1_109' title='bbox 1722 1416 1999 1489; x_wconf 85' lang='lat' dir='ltr'><strong>surdaque</strong></span> 
     </span>
     <span class='ocr_line' id='line_1_19' title="bbox 624 1501 1426 1544; baseline -0.005 3"><span class='ocrx_word' id='word_1_110' title='bbox 624 1511 631 1517; x_wconf 82' lang='lat'><em>&#39;</em></span> <span class='ocrx_word' id='word_1_111' title='bbox 1305 1501 1426 1544; x_wconf 70' lang='lat' dir='ltr'><strong>vota</strong></span> 
     </span>
    </p>

    <p class='ocr_par' dir='ltr' id='par_1_16' title="bbox 501 1562 1715 1634">
     <span class='ocr_line' id='line_1_20' title="bbox 501 1562 1715 1634; baseline -0.002 -15"><span class='ocrx_word' id='word_1_112' title='bbox 501 1564 735 1620; x_wconf 77' lang='lat' dir='ltr'><strong>condidit</strong></span> <span class='ocrx_word' id='word_1_113' title='bbox 752 1564 926 1619; x_wconf 86' lang='lat' dir='ltr'><strong>Ionio:</strong></span> <span class='ocrx_word' id='word_1_114' title='bbox 966 1562 1096 1618; x_wconf 91' lang='lat' dir='ltr'><strong>iacet</strong></span> <span class='ocrx_word' id='word_1_115' title='bbox 1122 1562 1306 1634; x_wconf 89' lang='lat' dir='ltr'><strong>ipsein</strong></span> <span class='ocrx_word' id='word_1_116' title='bbox 1329 1562 1494 1627; x_wconf 88' lang='lat' dir='ltr'><strong>litore,</strong></span> <span class='ocrx_word' id='word_1_117' title='bbox 1518 1569 1568 1617; x_wconf 89' lang='lat' dir='ltr'><strong>et</strong></span> <span class='ocrx_word' id='word_1_118' title='bbox 1583 1579 1715 1617; x_wconf 83' lang='lat' dir='ltr'><strong>una·</strong></span> 
     </span>
    </p>

    <p class='ocr_par' dir='ltr' id='par_1_17' title="bbox 501 1636 1769 1711">
     <span class='ocr_line' id='line_1_21' title="bbox 501 1636 1769 1711; baseline -0.003 -18"><span class='ocrx_word' id='word_1_119' title='bbox 501 1640 739 1711; x_wconf 82' lang='lat' dir='ltr'><strong>ingentes</strong></span> <span class='ocrx_word' id='word_1_120' title='bbox 758 1638 1019 1709; x_wconf 82' lang='lat' dir='ltr'><strong>depuppe</strong></span> <span class='ocrx_word' id='word_1_121' title='bbox 1036 1637 1141 1701; x_wconf 87' lang='lat' dir='ltr'><strong>dei,</strong></span> <span class='ocrx_word' id='word_1_122' title='bbox 1166 1638 1381 1708; x_wconf 89' lang='lat' dir='ltr'><strong>iamque</strong></span> <span class='ocrx_word' id='word_1_123' title='bbox 1398 1636 1554 1691; x_wconf 86' lang='lat' dir='ltr'><strong>obvia</strong></span> <span class='ocrx_word' id='word_1_124' title='bbox 1571 1636 1769 1709; x_wconf 83' lang='lat' dir='ltr'><strong>mergis</strong></span> 
     </span>
    </p>

    <p class='ocr_par' dir='ltr' id='par_1_18' title="bbox 500 1710 1799 1781">
     <span class='ocr_line' id='line_1_22' title="bbox 500 1710 1799 1781; baseline -0.002 -14"><span class='ocrx_word' id='word_1_125' title='bbox 500 1720 642 1767; x_wconf 85' lang='lat' dir='ltr'><strong>costa</strong></span> <span class='ocrx_word' id='word_1_126' title='bbox 662 1712 788 1768; x_wconf 88' lang='lat' dir='ltr'><strong>ratis</strong></span> <span class='ocrx_word' id='word_1_127' title='bbox 806 1712 1020 1768; x_wconf 77' lang='lat' dir='ltr'><strong>lacerae.</strong></span> <span class='ocrx_word' id='word_1_128' title='bbox 1046 1742 1125 1754; x_wconf 91' lang='lat'>—</span> <span class='ocrx_word' id='word_1_129' title='bbox 1142 1712 1297 1766; x_wconf 91' lang='lat' dir='ltr'><strong>Nunc</strong></span> <span class='ocrx_word' id='word_1_130' title='bbox 1313 1718 1363 1765; x_wconf 90' lang='lat' dir='ltr'><strong>et</strong></span> <span class='ocrx_word' id='word_1_131' title='bbox 1380 1710 1446 1766; x_wconf 87' lang='lat' dir='ltr'><strong>de</strong></span> <span class='ocrx_word' id='word_1_132' title='bbox 1463 1711 1656 1781; x_wconf 83' lang='lat' dir='ltr'><strong>cespite</strong></span> <span class='ocrx_word' id='word_1_133' title='bbox 1674 1711 1799 1765; x_wconf 86' lang='lat' dir='ltr'><strong>vivo</strong></span> 
     </span>
    </p>
   </div>
   <div class='ocr_carea' id='block_1_6' title="bbox 434 1784 1845 1860">
    <p class='ocr_par' dir='ltr' id='par_1_19' title="bbox 434 1784 1845 1860">
     <span class='ocr_line' id='line_1_23' title="bbox 434 1784 1845 1860; baseline -0.004 -16"><span class='ocrx_word' id='word_1_134' title='bbox 434 1837 443 1844; x_wconf 91' lang='lat'><strong>.</strong></span> <span class='ocrx_word' id='word_1_135' title='bbox 500 1786 683 1860; x_wconf 85' lang='lat' dir='ltr'><strong>frange</strong></span> <span class='ocrx_word' id='word_1_136' title='bbox 701 1786 933 1859; x_wconf 87' lang='lat' dir='ltr'><strong>aliquid:</strong></span> <span class='ocrx_word' id='word_1_137' title='bbox 975 1785 1165 1860; x_wconf 79' lang='lat' dir='ltr'><strong>largire</strong></span> <span class='ocrx_word' id='word_1_138' title='bbox 1182 1786 1344 1857; x_wconf 86' lang='lat' dir='ltr'><strong>inopi,</strong></span> <span class='ocrx_word' id='word_1_139' title='bbox 1368 1802 1435 1840; x_wconf 91' lang='lat' dir='ltr'><strong>ne</strong></span> <span class='ocrx_word' id='word_1_140' title='bbox 1450 1784 1622 1855; x_wconf 81' lang='lat' dir='ltr'><strong>pictus</strong></span> <span class='ocrx_word' id='word_1_141' title='bbox 1638 1785 1845 1840; x_wconf 85' lang='lat' dir='ltr'><strong>oberret</strong></span> 
     </span>
    </p>
   </div>
   <div class='ocr_carea' id='block_1_7' title="bbox 393 2019 445 2062">
    <p class='ocr_par' dir='ltr' id='par_1_20' title="bbox 393 2019 445 2062">
     <span class='ocr_line' id='line_1_24' title="bbox 393 2019 445 2062; baseline -0.038 0"><span class='ocrx_word' id='word_1_142' title='bbox 393 2019 445 2062; x_wconf 73' lang='lat'><strong>35</strong></span> 
     </span>
    </p>
   </div>
   <div class='ocr_carea' id='block_1_8' title="bbox 392 2453 446 2501">
    <p class='ocr_par' dir='ltr' id='par_1_21' title="bbox 392 2453 446 2501">
     <span class='ocr_line' id='line_1_25' title="bbox 392 2453 446 2501; baseline 0 0"><span class='ocrx_word' id='word_1_143' title='bbox 392 2453 446 2501; x_wconf 75' lang='lat'><strong>4⁰</strong></span> 
     </span>
    </p>
   </div>
   <div class='ocr_carea' id='block_1_9' title="bbox 499 1858 2003 2815">
    <p class='ocr_par' dir='ltr' id='par_1_22' title="bbox 504 1858 1880 1916">
     <span class='ocr_line' id='line_1_26' title="bbox 504 1858 1880 1916; baseline -0.001 -1"><span class='ocrx_word' id='word_1_144' title='bbox 504 1860 739 1915; x_wconf 81' lang='lat' dir='ltr'><strong>caerulea</strong></span> <span class='ocrx_word' id='word_1_145' title='bbox 758 1862 812 1916; x_wconf 88' lang='lat' dir='ltr'><strong>in</strong></span> <span class='ocrx_word' id='word_1_146' title='bbox 833 1860 1030 1916; x_wconf 88' lang='lat' dir='ltr'><strong>tabula.</strong></span> <span class='ocrx_word' id='word_1_147' title='bbox 1048 1891 1126 1903; x_wconf 89' lang='lat'><strong>--</strong></span> <span class='ocrx_word' id='word_1_148' title='bbox 1148 1860 1254 1915; x_wconf 90' lang='lat' dir='ltr'><strong>Sed</strong></span> <span class='ocrx_word' id='word_1_149' title='bbox 1267 1876 1487 1914; x_wconf 86' lang='lat' dir='ltr'><strong>coenam</strong></span> <span class='ocrx_word' id='word_1_150' title='bbox 1507 1858 1707 1913; x_wconf 79' lang='lat' dir='ltr'><strong>funeris</strong></span> <span class='ocrx_word' id='word_1_151' title='bbox 1725 1858 1880 1914; x_wconf 85' lang='lat' dir='ltr'><strong>heres</strong></span> 
     </span>
    </p>

    <p class='ocr_par' dir='ltr' id='par_1_23' title="bbox 502 1934 1782 2007">
     <span class='ocr_line' id='line_1_27' title="bbox 502 1934 1782 2007; baseline -0.002 -18"><span class='ocrx_word' id='word_1_152' title='bbox 502 1934 733 2007; x_wconf 78' lang='lat' dir='ltr'><strong>negliget</strong></span> <span class='ocrx_word' id='word_1_153' title='bbox 751 1936 933 1999; x_wconf 88' lang='lat' dir='ltr'><strong>iratus,</strong></span> <span class='ocrx_word' id='word_1_154' title='bbox 962 1935 1106 2005; x_wconf 91' lang='lat' dir='ltr'><strong>quod</strong></span> <span class='ocrx_word' id='word_1_155' title='bbox 1128 1951 1236 1989; x_wconf 87' lang='lat' dir='ltr'><strong>rem</strong></span> <span class='ocrx_word' id='word_1_156' title='bbox 1258 1934 1574 1988; x_wconf 82' lang='lat' dir='ltr'><strong>curtaveris:</strong></span> <span class='ocrx_word' id='word_1_157' title='bbox 1614 1948 1782 1987; x_wconf 86' lang='lat' dir='ltr'><strong>urnae</strong></span> 
     </span>
    </p>

    <p class='ocr_par' dir='ltr' id='par_1_24' title="bbox 499 2006 1894 2078">
     <span class='ocr_line' id='line_1_28' title="bbox 499 2006 1894 2078; baseline -0.001 -16"><span class='ocrx_word' id='word_1_158' title='bbox 499 2024 618 2062; x_wconf 88' lang='lat' dir='ltr'><strong>ossa</strong></span> <span class='ocrx_word' id='word_1_159' title='bbox 637 2008 849 2062; x_wconf 88' lang='lat' dir='ltr'><strong>inodora</strong></span> <span class='ocrx_word' id='word_1_160' title='bbox 869 2007 1031 2072; x_wconf 87' lang='lat' dir='ltr'><strong>dabit,</strong></span> <span class='ocrx_word' id='word_1_161' title='bbox 1055 2024 1152 2063; x_wconf 90' lang='lat' dir='ltr'><strong>seu</strong></span> <span class='ocrx_word' id='word_1_162' title='bbox 1169 2008 1367 2078; x_wconf 85' lang='lat' dir='ltr'><strong>spirent</strong></span> <span class='ocrx_word' id='word_1_163' title='bbox 1385 2007 1630 2062; x_wconf 88' lang='lat' dir='ltr'><strong>cinnama</strong></span> <span class='ocrx_word' id='word_1_164' title='bbox 1647 2006 1894 2072; x_wconf 83' lang='lat' dir='ltr'><strong>surdum,</strong></span> 
     </span>
    </p>

    <p class='ocr_par' dir='ltr' id='par_1_25' title="bbox 503 2081 1696 2152">
     <span class='ocr_line' id='line_1_29' title="bbox 503 2081 1696 2152; baseline 0 -18"><span class='ocrx_word' id='word_1_165' title='bbox 503 2097 600 2134; x_wconf 88' lang='lat' dir='ltr'><strong>seu</strong></span> <span class='ocrx_word' id='word_1_166' title='bbox 620 2097 798 2135; x_wconf 88' lang='lat' dir='ltr'><strong>ceraso</strong></span> <span class='ocrx_word' id='word_1_167' title='bbox 814 2088 1026 2151; x_wconf 86' lang='lat' dir='ltr'><strong>peccent</strong></span> <span class='ocrx_word' id='word_1_168' title='bbox 1042 2081 1230 2144; x_wconf 83' lang='lat' dir='ltr'><strong>casiae,</strong></span> <span class='ocrx_word' id='word_1_169' title='bbox 1254 2082 1453 2136; x_wconf 85' lang='lat' dir='ltr'><strong>nescire</strong></span> <span class='ocrx_word' id='word_1_170' title='bbox 1464 2088 1696 2152; x_wconf 87' lang='lat' dir='ltr'><strong>paratus.</strong></span> 
     </span>
    </p>

    <p class='ocr_par' dir='ltr' id='par_1_26' title="bbox 503 2151 2001 2231">
     <span class='ocr_line' id='line_1_30' title="bbox 503 2151 2001 2231; baseline 0.004 -25"><span class='ocrx_word' id='word_1_171' title='bbox 503 2172 529 2205; x_wconf 83' lang='grc'>»</span> <span class='ocrx_word' id='word_1_172' title='bbox 545 2156 682 2208; x_wconf 81' lang='lat' dir='ltr'><strong>Tune</strong></span> <span class='ocrx_word' id='word_1_173' title='bbox 702 2158 834 2208; x_wconf 83' lang='lat' dir='ltr'><strong>bona</strong></span> <span class='ocrx_word' id='word_1_174' title='bbox 842 2151 1117 2210; x_wconf 76' lang='lat' dir='ltr'><strong>incolumia</strong></span> <span class='ocrx_word' id='word_1_175' title='bbox 1127 2154 1406 2211; x_wconf 53' lang='lat' dir='ltr'><strong>minuas&amp;</strong></span> <span class='ocrx_word' id='word_1_176' title='bbox 1421 2186 1497 2198; x_wconf 91' lang='lat'><strong>—</strong></span> <span class='ocrx_word' id='word_1_177' title='bbox 1514 2155 1831 2210; x_wconf 87' lang='lat' dir='ltr'><strong>SedBestius</strong></span> <span class='ocrx_word' id='word_1_178' title='bbox 1841 2164 2001 2231; x_wconf 78' lang='lat' dir='ltr'><strong>urget</strong></span> 
     </span>
    </p>

    <p class='ocr_par' dir='ltr' id='par_1_27' title="bbox 501 2227 1813 2299">
     <span class='ocr_line' id='line_1_31' title="bbox 501 2227 1813 2299; baseline 0.002 -17"><span class='ocrx_word' id='word_1_179' title='bbox 501 2227 733 2283; x_wconf 86' lang='lat' dir='ltr'><strong>doctores</strong></span> <span class='ocrx_word' id='word_1_180' title='bbox 752 2227 963 2283; x_wconf 83' lang='lat' dir='ltr'><strong>Graios:</strong></span> <span class='ocrx_word' id='word_1_181' title='bbox 1004 2230 1091 2283; x_wconf 78' lang='lat' dir='ltr'><strong>Ita</strong></span> <span class='ocrx_word' id='word_1_182' title='bbox 1107 2232 1182 2298; x_wconf 77' lang='lat' dir='ltr'><strong>fii,</strong></span> <span class='ocrx_word' id='word_1_183' title='bbox 1201 2238 1476 2299; x_wconf 78' lang='lat' dir='ltr'><strong>postquam</strong></span> <span class='ocrx_word' id='word_1_184' title='bbox 1490 2243 1674 2298; x_wconf 76' lang='lat' dir='ltr'><strong>sapere</strong></span> <span class='ocrx_word' id='word_1_185' title='bbox 1690 2233 1813 2284; x_wconf 74' lang='lat' dir='ltr'><strong>urbi</strong></span> 
     </span>
    </p>

    <p class='ocr_par' dir='ltr' id='par_1_28' title="bbox 506 2306 2003 2445">
     <span class='ocr_line' id='line_1_32' title="bbox 506 2306 2003 2370; baseline 0.003 -15"><span class='ocrx_word' id='word_1_186' title='bbox 506 2318 623 2355; x_wconf 82' lang='lat' dir='ltr'><strong>oum</strong></span> <span class='ocrx_word' id='word_1_187' title='bbox 649 2306 832 2370; x_wconf 76' lang='lat' dir='ltr'><strong>pipere</strong></span> <span class='ocrx_word' id='word_1_188' title='bbox 866 2310 916 2357; x_wconf 81' lang='lat' dir='ltr'><strong>et</strong></span> <span class='ocrx_word' id='word_1_189' title='bbox 944 2306 1141 2370; x_wconf 75' lang='lat' dir='ltr'><strong>palmis</strong></span> <span class='ocrx_word' id='word_1_190' title='bbox 1164 2307 1305 2358; x_wconf 77' lang='lat' dir='ltr'><strong>venit</strong></span> <span class='ocrx_word' id='word_1_191' title='bbox 1333 2313 1567 2358; x_wconf 72' lang='lat' dir='ltr'><strong>nostrum</strong></span> <span class='ocrx_word' id='word_1_192' title='bbox 1592 2306 1687 2357; x_wconf 74' lang='lat' dir='ltr'><strong>hoc</strong></span> <span class='ocrx_word' id='word_1_193' title='bbox 1705 2308 1875 2358; x_wconf 70' lang='lat' dir='ltr'><strong>maris</strong></span> <span class='ocrx_word' id='word_1_194' title='bbox 1900 2322 2003 2361; x_wconf 80' lang='lat' dir='ltr'><strong>ea&gt;-</strong></span> 
     </span>
     <span class='ocr_line' id='line_1_33' title="bbox 1296 2394 1451 2445; baseline 0.006 -14"><span class='ocrx_word' id='word_1_195' title='bbox 1296 2394 1451 2445; x_wconf 76' lang='lat' dir='ltr'><strong>pora.-</strong></span> 
     </span>
    </p>

    <p class='ocr_par' dir='ltr' id='par_1_29' title="bbox 500 2453 1796 2520">
     <span class='ocr_line' id='line_1_34' title="bbox 500 2453 1796 2520; baseline 0.002 -17"><span class='ocrx_word' id='word_1_196' title='bbox 500 2453 783 2520; x_wconf 71' lang='lat' dir='ltr'><strong>toeniaecao</strong></span> <span class='ocrx_word' id='word_1_197' title='bbox 801 2466 979 2505; x_wconf 74' lang='lat' dir='ltr'><strong>crasso</strong></span> <span class='ocrx_word' id='word_1_198' title='bbox 994 2455 1254 2505; x_wconf 72' lang='lat' dir='ltr'><strong>vitiarunt</strong></span> <span class='ocrx_word' id='word_1_199' title='bbox 1269 2457 1496 2520; x_wconf 71' lang='lat' dir='ltr'><strong>anquina</strong></span> <span class='ocrx_word' id='word_1_200' title='bbox 1512 2454 1699 2519; x_wconf 73' lang='lat' dir='ltr'><strong>pultes.</strong></span> <span class='ocrx_word' id='word_1_201' title='bbox 1718 2479 1796 2491; x_wconf 93' lang='lat'><strong>—</strong></span> 
     </span>
    </p>

    <p class='ocr_par' dir='ltr' id='par_1_30' title="bbox 500 2522 1962 2584">
     <span class='ocr_line' id='line_1_35' title="bbox 500 2522 1962 2584; baseline 0.003 -7"><span class='ocrx_word' id='word_1_202' title='bbox 500 2524 638 2577; x_wconf 87' lang='lat' dir='ltr'><strong>Haeo</strong></span> <span class='ocrx_word' id='word_1_203' title='bbox 654 2524 827 2579; x_wconf 89' lang='lat' dir='ltr'><strong>cinere</strong></span> <span class='ocrx_word' id='word_1_204' title='bbox 844 2523 1059 2578; x_wconf 86' lang='lat' dir='ltr'><strong>ulterior</strong></span> <span class='ocrx_word' id='word_1_205' title='bbox 1078 2522 1319 2579; x_wconf 80' lang='lat' dir='ltr'><strong>metuas?</strong></span> <span class='ocrx_word' id='word_1_206' title='bbox 1348 2554 1425 2565; x_wconf 91' lang='lat'><strong>—</strong></span> <span class='ocrx_word' id='word_1_207' title='bbox 1446 2524 1515 2578; x_wconf 86' lang='lat' dir='ltr'><strong>At</strong></span> <span class='ocrx_word' id='word_1_208' title='bbox 1530 2531 1608 2584; x_wconf 76' lang='lat' dir='ltr'><strong>tu,</strong></span> <span class='ocrx_word' id='word_1_209' title='bbox 1632 2540 1785 2577; x_wconf 89' lang='lat' dir='ltr'><strong>meus</strong></span> <span class='ocrx_word' id='word_1_210' title='bbox 1806 2524 1962 2581; x_wconf 86' lang='lat' dir='ltr'><strong>heres</strong></span> 
     </span>
    </p>

    <p class='ocr_par' dir='ltr' id='par_1_31' title="bbox 503 2593 1830 2668">
     <span class='ocr_line' id='line_1_36' title="bbox 503 2593 1830 2668; baseline 0.002 -18"><span class='ocrx_word' id='word_1_211' title='bbox 503 2596 753 2666; x_wconf 89' lang='lat' dir='ltr'><strong>quisquis</strong></span> <span class='ocrx_word' id='word_1_212' title='bbox 771 2597 892 2661; x_wconf 78' lang='lat' dir='ltr'><strong>eris.</strong></span> <span class='ocrx_word' id='word_1_213' title='bbox 914 2593 1159 2668; x_wconf 86' lang='lat' dir='ltr'><strong>paullum</strong></span> <span class='ocrx_word' id='word_1_214' title='bbox 1177 2613 1208 2650; x_wconf 89' lang='lat' dir='ltr'><strong>a</strong></span> <span class='ocrx_word' id='word_1_215' title='bbox 1226 2596 1380 2651; x_wconf 87' lang='lat' dir='ltr'><strong>turba</strong></span> <span class='ocrx_word' id='word_1_216' title='bbox 1398 2597 1660 2651; x_wconf 81' lang='lat' dir='ltr'><strong>seductior</strong></span> <span class='ocrx_word' id='word_1_217' title='bbox 1677 2597 1830 2653; x_wconf 90' lang='lat' dir='ltr'><strong>audi:</strong></span> 
     </span>
    </p>

    <p class='ocr_par' dir='ltr' id='par_1_32' title="bbox 502 2668 2002 2741">
     <span class='ocr_line' id='line_1_37' title="bbox 502 2668 2002 2741; baseline 0.005 -19"><span class='ocrx_word' id='word_1_218' title='bbox 502 2668 585 2723; x_wconf 79' lang='grc' dir='ltr'><strong>»Ο</strong></span> <span class='ocrx_word' id='word_1_219' title='bbox 602 2669 757 2733; x_wconf 88' lang='lat' dir='ltr'><strong>bone,</strong></span> <span class='ocrx_word' id='word_1_220' title='bbox 789 2686 922 2723; x_wconf 89' lang='lat' dir='ltr'><strong>num</strong></span> <span class='ocrx_word' id='word_1_221' title='bbox 949 2668 1202 2741; x_wconf 75' lang='lat' dir='ltr'><strong>ignoras?</strong></span> <span class='ocrx_word' id='word_1_222' title='bbox 1236 2671 1397 2725; x_wconf 82' lang='lat' dir='ltr'><strong>Missa</strong></span> <span class='ocrx_word' id='word_1_223' title='bbox 1416 2678 1543 2724; x_wconf 88' lang='lat' dir='ltr'><strong>esta</strong></span> <span class='ocrx_word' id='word_1_224' title='bbox 1571 2670 1791 2727; x_wconf 84' lang='lat' dir='ltr'><strong>Caesare</strong></span> <span class='ocrx_word' id='word_1_225' title='bbox 1810 2672 2002 2729; x_wconf 82' lang='lat' dir='ltr'><strong>laurus</strong></span> 
     </span>
    </p>

    <p class='ocr_par' dir='ltr' id='par_1_33' title="bbox 503 2741 1792 2815">
     <span class='ocr_line' id='line_1_38' title="bbox 503 2741 1792 2815; baseline 0.003 -19"><span class='ocrx_word' id='word_1_226' title='bbox 503 2741 770 2815; x_wconf 84' lang='lat' dir='ltr'><strong>insignem</strong></span> <span class='ocrx_word' id='word_1_227' title='bbox 788 2741 859 2796; x_wconf 83' lang='lat' dir='ltr'><strong>ob</strong></span> <span class='ocrx_word' id='word_1_228' title='bbox 874 2741 1078 2797; x_wconf 86' lang='lat' dir='ltr'><strong>cladem</strong></span> <span class='ocrx_word' id='word_1_229' title='bbox 1097 2742 1391 2798; x_wconf 85' lang='lat' dir='ltr'><strong>Germanae</strong></span> <span class='ocrx_word' id='word_1_230' title='bbox 1405 2744 1587 2815; x_wconf 83' lang='lat' dir='ltr'><strong>pubis,</strong></span> <span class='ocrx_word' id='word_1_231' title='bbox 1608 2750 1660 2798; x_wconf 86' lang='lat' dir='ltr'><strong>et</strong></span> <span class='ocrx_word' id='word_1_232' title='bbox 1683 2745 1792 2800; x_wconf 82' lang='lat' dir='ltr'><strong>aris</strong></span> 
     </span>
    </p>
   </div>
   <div class='ocr_carea' id='block_1_10' title="bbox 2196 386 2199 1712">
    <p class='ocr_par' dir='ltr' id='par_1_34' title="bbox 2196 386 2199 1712">
     <span class='ocr_line' id='line_1_39' title="bbox 2196 386 2199 1712; baseline 0 0"><span class='ocrx_word' id='word_1_233' title='bbox 2196 386 2199 1712; x_wconf 95' lang='lat' dir='ltr'><strong> </strong></span> 
     </span>
    </p>
   </div>
  </div>
 </body>
</html>
