2209 3217
417 630 469 674 25

419 1003 471 1046 30

422 1374 473 1418 35

425 1745 476 1791 40

425 2118 477 2164 45

428 2492 480 2536 50

529 285 592 340 14
1077 294 1143 340 Α.
1180 284 1441 340 PERSII

525 394 702 450 Udum
721 400 772 449 et
789 391 947 448 molle
970 392 1141 449 lutum
1162 410 1237 459 ee,
1262 410 1405 448 nunc
1414 409 1556 449 nunc
1564 392 1945 466 properandus,
1957 404 2009 451 et

813 496 821 502 -
1328 486 1434 522 acri

526 542 807 616 fingendus
827 542 942 597 sine
960 542 1066 598 fine
1086 549 1211 597 rota.
1232 572 1308 584 —-
1326 542 1426 597 Sed
1444 558 1565 596 rure
1579 549 1797 613 paterno
2011 593 2026 610 κ

523 625 603 673 est
624 618 719 672 tibi
744 617 821 672 far
838 617 1123 682 modicum,
1146 633 1341 687 purum
1352 614 1891 671 etsinelabesalinum
1906 636 1918 686 ;
1933 649 2010 662 --

527 692 661 764 quid
679 691 917 747 metuas?
931 721 1008 733 -
1023 691 1322 763 cultrixque
1338 690 1438 745 foci
1457 707 1638 746 secura
1656 690 1842 762 patella
1852 732 1865 746 .

525 768 632 822 Hoc
656 765 819 822 satis?
854 783 918 820 an
942 765 1117 822 deceat
1134 765 1439 837 pulmonem
1459 782 1702 836 rumpere
1719 767 1911 831 ventis,

525 848 796 897 stemmate
812 839 957 912 quod
974 841 1143 894 Tusco
1162 858 1368 894 ramum
1389 839 1671 894 millesime
1693 838 1864 905 ducis,

525 932 897 986 censoremque
915 910 1066 969 tuum
1088 914 1171 970 vel
1190 915 1333 987 quod
1351 915 1578 969 trabeate
1594 912 1827 969 salutas?

525 991 594 1047 At
614 989 870 1063 populum
888 989 1149 1060 phaleras,
1216 991 1328 1063 Ego
1348 985 1561 1043 te‘intus
1580 996 1631 1043 et
1648 990 1703 1042 in
1728 997 1847 1044 cute
1865 993 2011 1046 novi.

525 1068 642 1122 Non
662 1064 824 1137 pudet
840 1064 906 1118 ad
926 1081 1125 1119 morem
1145 1063 1381 1118 discincti
1400 1064 1579 1119 vivere
1596 1063 1813 1118 Nattae?

529 1140 628 1195 Sed
650 1147 824 1211 stupet
841 1139 928 1193 hic
943 1140 1089 1205 viiic,
1114 1148 1163 1194 et
1182 1139 1328 1193 fibris
1348 1139 1566 1192 increvit
1582 1139 1822 1209 opimum

526 1216 750 1287 pingue:
790 1222 928 1269 caret
942 1214 1124 1286 culpa:
1165 1214 1346 1274 nescit,
1369 1213 1499 1284 quid
1524 1212 1730 1283 perdat:
1773 1221 1824 1267 et
1842 1211 1949 1268 alto

528 1291 818 1352 demersae,
841 1304 1049 1344 summa
1067 1305 1254 1345 rursus
1274 1306 1379 1344 non
1398 1287 1554 1343 bullit
1577 1288 1634 1341 in
1654 1286 1819 1343 unda.

601 1364 788 1436 Magne
811 1370 955 1433 pater
972 1364 1177 1429 divum,
1201 1380 1384 1418 saevos
1402 1364 1591 1434 punire
1608 1370 1860 1435 tyrannos

527 1437 673 1493 haud
693 1437 794 1491 alia
813 1437 1008 1492 ratione
1025 1437 1106 1493 vel
1115 1438 1175 1502 ie,
1198 1455 1367 1509 quum
1386 1438 1499 1492 dira
1517 1436 1681 1491 libido

530 1512 751 1568 moverit
768 1512 1059 1584 ingenium,
1083 1511 1302 1566 ferventi
1318 1513 1476 1566 tincta
1496 1528 1711 1575 veneno,

529 1588 776 1641 virtutem
795 1595 855 1640 ut
872 1586 1097 1651 videant,
1127 1586 1552 1657 intabescantque
1576 1585 1770 1641 relicta⁴
1792 1616 1868 1629 —-

528 1663 682 1718 Anne
700 1662 870 1734 magis
889 1660 1049 1715 Siculi
1068 1669 1382 1734 gemuerunt
1397 1679 1513 1716 aera
1535 1659 1759 1724 iuvenci,

533 1745 624 1792 aut
642 1736 811 1809 magis
834 1735 1027 1790 auratis
1046 1735 1279 1807 pendens
1298 1734 1635 1807 laquearibus
1656 1735 1800 1790 ensis

531 1827 821 1885 purpureas
840 1810 1021 1882 subter
1035 1810 1259 1864 cervices
1282 1811 1488 1865 terruit:
1520 1816 1673 1874 imus,

529 1894 666 1942 imus
686 1891 999 1955 praecipites
1012 1902 1177 1957 quam
1196 1885 1241 1939 si
1262 1886 1366 1939 sibi
1382 1885 1536 1950 dicat,
1559 1892 1610 1939 et
1628 1885 1772 1939 intus

532 1960 720 2034 palleat
753 1960 951 2015 infelix.
984 1960 1127 2032 quod
1150 1960 1388 2031 proxima
1408 1960 1601 2014 nesciat
1619 1955 1789 2013 uxor?
1804 1987 1882 2000 —-

606 2033 768 2104 Saepe
785 2033 979 2097 oculos,
1004 2035 1239 2095 memini.
1261 2035 1528 2108 tingebam
1546 2050 1742 2105 parvus
1758 2031 1918 2097 olim,

530 2108 750 2183 grandia
770 2108 815 2161 si
835 2107 1026 2161 nollem
1046 2110 1286 2163 morituri
1304 2108 1461 2163 verba
1481 2108 1691 2164 Catonis

532 2184 746 2247 discere,
772 2182 839 2236 ab
858 2183 1042 2236 insano
1059 2182 1287 2238 multum
1310 2182 1568 2238 laudanda
1586 2182 1860 2255 magistro,

532 2274 670 2330 quae
684 2264 829 2328 pater
847 2256 1084 2311 adductis
1103 2258 1301 2313 sudans
1320 2257 1522 2312 audiret
1538 2258 1741 2312 amicis.

532 2334 652 2388 Iure
667 2332 859 2386 etenim
877 2331 932 2385 id
950 2349 1242 2394 summum,
1265 2332 1397 2404 quid
1415 2332 1594 2387 dexter
1611 2331 1757 2386 senio
1772 2329 1950 2398 ferret,
2013 2344 2019 2348 “

533 2409 666 2463 scire
682 2414 791 2462 erat
807 2406 864 2461 in
880 2413 1030 2461 voto:
1072 2407 1324 2461 damnosa
1340 2405 1574 2461 canicula
1592 2414 1858 2478 quantum

534 2482 761 2538 raderet:
803 2488 1054 2553 angustae
1072 2479 1205 2536 collo
1226 2498 1328 2536 non
1348 2480 1516 2536 fallier
1531 2496 1708 2535 orcae:

538 2573 644 2612 neu
663 2556 788 2627 quis
804 2555 1040 2611 callidior
1056 2554 1263 2610 buxum
1282 2563 1522 2628 torquere
1539 2553 1762 2627 flagello.
1782 2586 1860 2597 —

610 2630 763 2685 Haud
803 2630 898 2683 tibi
943 2630 1274 2701 inexpertum
1319 2637 1424 2694 est,
1475 2646 1666 2684 curvos
1701 2628 2020 2701 deprendere

1338 2717 1527 2766 moros,

537 2793 780 2851 quaeque
796 2776 944 2833 docet
961 2777 1170 2850 sapiens
1188 2778 1440 2834 braccatis
1458 2773 1589 2833 illita
1608 2777 1775 2833 Medis
