2209 3217
711 277 997 324 SATIRA
1036 280 1148 324 ΧΠ.
1574 276 1673 329 {25

186 375 431 431 attonitus
451 373 666 429 nullum
683 374 905 430 conferri
927 392 1083 447 posse
1098 384 1304 447 putaret

186 449 520 523 naufragium
539 448 672 506 velis
691 449 1014 505 ardentibus.
1073 448 1265 505 Omnia
1283 452 1419 506 fiunt

186 524 321 589 talia,
342 531 454 577 tam
470 523 718 597 graviter,
740 524 789 577 si
807 523 1022 594 quando
1038 525 1237 595 poetica
1254 526 1434 598 surgit

185 606 483 669 tempestas.
546 597 729 652 Genus
745 614 861 652 ecce
879 597 1027 653 aliud
1049 598 1400 654 discriminis:
1444 600 1586 666 audi,

185 679 233 727 et
250 672 498 726 miserere
521 672 730 737 iterum,
754 689 1084 744 quamquam
1101 673 1213 728 sint
1226 680 1390 727 cetera
1411 674 1568 728 sortis
1730 687 1781 730 25

185 745 448 804 eiusdem:
487 762 612 816 pars
630 745 743 802 dira
763 747 1001 818 quidem,
1030 746 1126 802 sed
1143 748 1351 821 cognita
1368 747 1570 811 multis,

42 811 43 818 ἵ
111 869 119 876 .
186 828 236 876 et
249 837 414 893 quam
431 821 606 875 votiva
624 827 879 875 testantur
898 820 1019 875 fana
1036 821 1228 875 tabella

183 893 431 968 plurima.
489 894 713 949 Pictoms
729 895 854 965 quis
874 895 1038 949 nescit
1059 895 1128 949 ab
1146 895 1286 952 Iside
1301 895 1485 968 pasci?

184 967 387 1025 Accidit
402 974 454 1021 et
475 975 653 1023 nostro
671 967 864 1023 similis
881 967 1086 1024 fortuna
1108 969 1335 1025 Catullo.

186 1042 365 1110 Quum
381 1041 573 1113 plenus
590 1040 753 1097 fluctu
773 1043 981 1098 medius
1003 1042 1134 1098 foret
1152 1042 1351 1108 alveus,
1376 1050 1427 1098 et
1443 1045 1569 1109 iam,
1733 1055 1785 1098 3⁰

184 1116 448 1172 alternum
464 1116 660 1187 puppis
678 1115 816 1171 latus
834 1117 1188 1172 evertentibus
1206 1117 1368 1173 undis
1527 1143 1531 1148 ·

185 1190 387 1246 arboris
406 1189 646 1255 incertae,
673 1190 874 1245 nullam
893 1191 1174 1263 prudentia
1191 1191 1310 1246 cani

183 1263 396 1321 rectoris
417 1263 669 1320 conferret
686 1281 866 1335 opem3
907 1264 1145 1319 decidere
1162 1264 1301 1320 iactu

183 1340 352 1411 coepit
369 1355 495 1393 cum
514 1338 704 1403 ventis,
726 1339 962 1392 imitatus
978 1345 1196 1404 castora,
1218 1339 1314 1423 qui
1333 1357 1391 1395 se

183 1413 493 1469 eunuchum
514 1411 627 1483 ipse
644 1411 781 1474 facit,
805 1412 1023 1484 cupiens
1043 1413 1261 1468 evadere
1277 1413 1472 1470 damno
1735 1426 1785 1469 35

181 1486 430 1552 testiculi,
450 1494 610 1558 atque
630 1486 746 1541 ideo
764 1487 1081 1543 medicatum
1106 1487 1352 1563 intelligit
1370 1489 1566 1563 inguen
1578 1532 1590 1543 .

179 1563 424 1624 Fundite,
449 1579 582 1630 quae
601 1580 714 1617 mea
735 1572 872 1626 sunt,
893 1562 1115 1628 dicebat,
1141 1573 1346 1629 cuncta,
1371 1563 1628 1626 Catullus,

179 1635 524 1708 praecipitare
540 1635 721 1690 volens
739 1637 897 1691 etiam
914 1637 1249 1707 pulcerrima,
1271 1645 1471 1692 vestem

179 1725 530 1783 purpuream,
553 1711 744 1763 teneris
769 1726 982 1779 quoque
998 1710 1385 1764 Maecenatibus
1408 1717 1600 1779 aptam.

181 1793 348 1855 atque
367 1781 518 1844 alias,
542 1797 770 1850 quarum
788 1782 1031 1852 generosi
1047 1781 1308 1852 graminis
1326 1781 1504 1851 ipsum
1734 1790 1787 1835 40

179 1855 367 1914 infecit
390 1860 577 1908 natura
595 1869 784 1923 pecus,
826 1853 920 1907 sed
944 1861 995 1906 et
1009 1853 1254 1925 egregius
1270 1851 1404 1907 fons*

177 1932 397 1987 viribus
416 1926 632 1981 occultis
658 1928 708 1981 et
729 1927 967 1981 Baeticus
985 1928 1201 1984 adiuvat
1225 1944 1327 1982 aer.
1409 1987 1413 1992 ,

179 2006 278 2061 Ille
297 2019 397 2060 nec
414 2008 692 2074 argentum
711 2000 984 2056 dubitabat
1008 2002 1230 2066 mittere,
1255 1999 1427 2060 lances

124 2125 137 2133 .
178 2076 470 2135 Parthenio
486 2075 665 2142 factas,
688 2093 854 2132 urnae
877 2083 1072 2132 cratera
1089 2092 1349 2148 capacem,
1408 2115 1418 2125 .

181 2162 235 2210 et
254 2153 485 2226 dignum
505 2151 711 2208 sitiente
733 2151 911 2215 Phole,
935 2151 1018 2207 vel
1038 2152 1262 2225 coniuge
1280 2149 1459 2207 Fusci.
1739 2157 1790 2202 45

182 2227 339 2283 Adde
355 2234 406 2280 et
423 2226 731 2292 bascaudas,
755 2235 805 2282 et
823 2226 971 2282 mille
988 2227 1202 2292 escaria,
1226 2225 1459 2281 multum

182 2300 392 2364 caelati,
421 2301 637 2355 biberat'
649 2318 757 2374 quo
774 2299 996 2357 callidus
1014 2308 1182 2357 emtor
1198 2300 1439 2374 Olynthi.
1460 2329 1535 2340 —

183 2376 294 2432 Sed
313 2374 438 2447 quis
464 2392 607 2429 nunc
627 2375 783 2439 alius»,
807 2392 915 2446 qua
940 2375 1131 2430 mundi
1150 2383 1312 2445 parte,
1333 2374 1460 2445 quis
1482 2372 1638 2428 audet

183 2458 407 2523 argento
422 2448 677 2521 praeferre
696 2457 870 2519 caput,
893 2450 1160 2519 rebusque
1178 2448 1399 2503 salutem
1410 2448 1439 2501 ‘I

182 2526 310 2580 Non
330 2530 539 2596 propter
557 2523 720 2578 vitam
738 2521 936 2576 faciunt
959 2521 1274 2592 patrimonia
1297 2522 1535 2593 quidam,
1742 2530 1791 2572 50

182 2599 286 2655 sed
304 2599 436 2655 vitio
452 2597 586 2652 caeci
607 2604 819 2669 propter
839 2595 1152 2667 patrimonia
1172 2595 1380 2650 vivunt.
1392 2624 1469 2635 -

182 2676 418 2730 Iactatur
443 2688 621 2726 rerum
641 2669 859 2725 utilium
881 2686 1003 2741 pars
1027 2669 1287 2724 maxima:
1330 2667 1424 2723 sed
1441 2685 1537 2722 nec

184 2749 392 2804 damna
411 2745 607 2801 levant.
666 2745 833 2809 Tunc,
856 2743 1091 2800 adversis
1112 2743 1443 2817 urgentibuS,
1469 2741 1594 2796 illuc
