2209 3217
546 289 642 345 440
1069 291 1491 341 IUVENALIS

436 407 515 451 115
541 412 650 468 quo
667 393 871 466 loquor,
891 394 1166 468 egregium
1176 391 1405 465 populus
1414 396 1564 463 putat
1573 397 1732 463 atque
1743 392 2047 450 verendum

544 469 795 525 artificem
817 489 830 524 z
871 470 1073 541 quippe
1090 469 1177 522 bis
1194 474 1435 522 crescunt
1457 467 1774 538 patrimonia
1793 466 1988 524 fabris.

544 543 649 599 Sed
669 551 912 599 crescunt
928 558 1268 615 quocumque
1284 540 1460 606 modo,
1485 540 1790 613 maioraque
1811 542 1954 599 fiunt

545 617 736 673 incude
753 617 972 673 adsidua
991 631 1303 688 semperque
1322 614 1535 671 ardente
1546 615 1776 670 camino.

544 693 613 747 Et
631 701 776 763 pater
792 709 917 765 ergo
935 691 1102 746 animi
1120 690 1294 745 felices
1318 689 1483 743 credit
1499 706 1705 755 avaros,

438 778 517 822 ¹20
545 768 641 839 qui
658 767 920 822 mirantur
941 782 1087 837 opes»,
1110 764 1207 837 qui
1232 763 1380 820 nulla
1398 762 1640 835 exempla
1658 763 1798 819 beati

546 842 794 913 pauperis
810 857 926 896 esse
943 847 1152 912 putant.
1201 841 1424 894 Iuvenes
1440 839 1694 903 bortatur,
1715 844 1778 893 ut
1796 838 1946 896 illam

549 917 624 971 ire
647 915 790 971 viam
807 923 1029 989 pergant
1046 922 1098 970 et
1115 913 1283 969 eidem
1303 914 1610 968 incumbere
1626 920 1813 968 sectae.

547 990 620 1045 Su
627 997 683 1045 nt
700 991 961 1062 quaedam
981 989 1232 1046 vitiorum
1249 986 1530 1044 elementa:
1563 987 1649 1042 his
1659 995 1915 1059 protenus
1927 988 2049 1045 illos

550 1065 745 1120 imbuit
761 1072 813 1119 et
829 1065 971 1138 cogit
986 1064 1237 1119 minimas
1255 1062 1484 1117 ediscere
1500 1062 1702 1117 sordes.

441 1148 519 1192 125
547 1139 672 1194 Mox
689 1138 995 1210 acquirendi
1014 1137 1164 1193 docet
1182 1136 1477 1192 insatiabile
1494 1144 1700 1192 votum.

547 1212 832 1268 Servorum
849 1221 1056 1269 ventres
1078 1212 1257 1268 modio
1273 1212 1492 1285 castigat
1510 1211 1715 1282 iniquo,

547 1287 664 1359 ipse
691 1303 908 1360 quoque
932 1288 1203 1345 esuriens:
1243 1303 1418 1360 neque
1449 1285 1592 1341 enim
1619 1285 1797 1341 omnia
1817 1288 2050 1343 sustinet

1358 1377 1454 1416 um
1532 1378 1621 1416 am
1669 1402 1678 1409 ,

547 1431 759 1487 mucida
776 1434 1002 1491 caerulei
1022 1436 1178 1508 panis
1193 1379 1530 1491 consume&
1523 1433 1710 1500 frusta,

546 1506 854 1562 hesternum
872 1509 1060 1564 solitus
1079 1510 1254 1564 medio
1278 1527 1488 1566 servare
1505 1507 1728 1566 minutal

441 1589 519 1635 130
547 1579 868 1652 Septembri:
910 1598 1008 1637 nec
1031 1600 1140 1639 non
1159 1581 1366 1638 differre
1384 1583 1441 1638 in
1465 1591 1939 1656 temporacoenae.

549 1654 764 1711 alteriue
781 1656 1030 1713 conchem
1057 1658 1244 1714 aestivi
1261 1674 1388 1713 cum
1410 1666 1560 1730 parte
1581 1659 1757 1716 lacerti

546 1731 811 1804 signatam
829 1731 914 1788 vel
934 1731 1160 1789 dimidio
1175 1733 1427 1806 putrique
1443 1733 1629 1800 siluro,

549 1804 747 1877 filaque
765 1806 948 1862 sectivi
973 1815 1247 1864 numerata
1268 1808 1538 1866 includere
1555 1807 1715 1881 porri.

549 1880 808 1936 Invitatus
825 1880 894 1936 ad
917 1881 1048 1938 haec
1069 1882 1266 1956 aliquis
1283 1882 1352 1938 de
1367 1890 1539 1954 ponte,
1561 1881 1790 1956 negabit.

442 1961 521 2007 135
549 1952 654 2009 Sed
672 1972 782 2027 quo
798 1954 1012 2011 divitias
1030 1956 1161 2012 haec
1176 1974 1271 2027 per
1290 1964 1548 2026 tormenta
1563 1963 1786 2021 coactae,

549 2045 721 2102 quum
746 2027 893 2083 furor
910 2028 1057 2086 haud
1074 2030 1293 2097 dubius,
1316 2048 1490 2118 quum
1508 2030 1579 2086 sit
1596 2028 1876 2086 manifesta
1889 2030 2051 2104 plu-e-

1357 2122 1500 2159 nens

549 2183 611 2233 ut
630 2176 861 2250 locuples
876 2176 1136 2243 moriaris,
1160 2177 1362 2250 egentis
1380 2145 1559 2246 vitrei-e
1575 2174 1714 2231 feto‘?

551 2254 750 2308 Interea
767 2251 924 2326 pleno
940 2265 1114 2324 quum
1134 2257 1307 2325 turget
1323 2249 1568 2306 sacculus
1589 2267 1697 2316 ore,

549 2328 734 2383 crescit
757 2344 905 2384 amor
922 2328 1094 2394 numi,
1118 2333 1379 2400 quantum
1399 2326 1514 2399 ipsa
1539 2326 1761 2398 pecunia
1778 2329 2000 2398 crescit3

442 2405 523 2454 140
551 2406 602 2456 et
628 2402 810 2457 minus
835 2403 974 2458 hanc
1002 2409 1162 2477 optat,
1196 2402 1419 2475 quinon
1443 2402 1616 2458 hebet.
1669 2401 1813 2475 Ergo
1832 2410 2043 2474 pai-atui

554 2473 713 2530 altera
738 2476 866 2531 villa
884 2477 1002 2544 tibi,
1024 2484 1199 2550 quum
1216 2496 1311 2534 rus
1331 2496 1438 2534 non
1458 2476 1655 2533 sufficit
1671 2493 1865 2540 unum,

550 2555 602 2601 et
620 2548 848 2617 proferre
870 2550 997 2607 libet
1015 2553 1176 2621 fines;
1217 2553 1493 2626 maiorque
1518 2552 1725 2609 videtur

549 2627 601 2673 et
619 2620 806 2675 melior
825 2624 1000 2681 vicina
1018 2644 1197 2700 seges:
1238 2630 1488 2684 mercaris
1505 2635 1557 2683 et
1574 2627 1711 2680 banc
1727 2632 1779 2680 et

550 2691 764 2745 arbusta
781 2701 833 2746 et
842 2696 1012 2777 'densa
1034 2709 1266 2756 montem
1291 2703 1388 2773 qui
1403 2710 1555 2759 canet
1570 2700 1726 2757 oliva.

443 2771 521 2818 ¹45
550 2763 789 2852 Quorurfl
809 2782 857 2818 81
873 2771 1040 2838 pretio
1059 2773 1313 2830 dominus
1332 2793 1439 2833 non
1460 2776 1690 2833 vincitur
1707 2772 1835 2839 ullo,
