2209 3217
848 236 1150 283 sATIRA‘
1172 239 1263 285 111,
1674 231 1741 283 45

244 336 501 409 portione,
524 336 785 392 insomnis
811 336 1012 407 quibus
1030 344 1080 391 et
1098 336 1311 392 detonsa
1331 337 1575 394 iuventus

246 411 510 506 invigilat,
516 410 745 483 siliquis
764 418 815 466 et
832 411 1022 484 grandi
1049 419 1196 483 pasta
1218 411 1449 483 polenta:
1793 425 1844 468 55

243 494 296 541 et
314 483 437 551 tibi:
457 501 594 557 quae
613 486 817 541 Samios
837 485 1049 541 diduxit
1067 485 1211 541 litera
1231 503 1422 550 ramos,

244 569 552 647 surgentem
573 561 756 615 dextro
775 561 1089 620 monstravit
1113 561 1279 616 limite
1296 560 1502 615 callem.

245 635 432 691 Stertis
451 636 627 691 adhuc
639 635 666 689 ⁶?
704 635 992 709 laxumque
1010 644 1169 708 caput
1192 653 1446 709 compage
1462 635 1630 692 solute

243 710 428 765 oscitat
447 712 769 776 hesternum,
793 710 1013 765 dissutis
1023 712 1271 783 *undique
1292 710 1483 766 malis?

242 786 341 840 Est
361 785 565 857 aliquid
586 802 694 858 quo
704 786 900 850 tendis,
930 793 980 841 et
999 786 1053 840 in
1081 786 1226 857 quod
1243 786 1429 860 dirigis
1448 785 1666 842 areum‘?
1790 798 1842 840 60

240 878 311 915 an
329 860 531 931 passim
549 861 788 933 sequeris
803 877 986 915 corvos
1010 868 1245 933 testaque
1270 861 1510 933 lutoque

243 952 466 990 securus
483 951 592 1006 quo
609 953 703 1007 pes
730 935 876 1001 ferat,
903 943 1060 1007 atque
1078 952 1145 991 ex
1162 944 1395 1022 tempore
1415 933 1679 991 vivis?—

322 1007 656 1065 Helleborum
666 1008 878 1074 frustra,
892 1027 1062 1082 quum
1073 1012 1177 1065 iam
1188 1011 1323 1068 cutis
1334 1028 1492 1095 aegra
1501 1011 1750 1077 tumebit,

238 1093 514 1156 poscentes
533 1084 727 1140 videas.
776 1085 1017 1141 Venienti
1039 1086 1292 1140 occurrite
1308 1084 1514 1140 morbo'.

240 1160 309 1213 Et
327 1159 463 1231 quid
479 1177 631 1233 opus,
657 1160 867 1216 Cratero
883 1177 1104 1234 magnos
1124 1160 1423 1246 promittere
1440 1159 1676 1216 montes?
1787 1172 1839 1215 65

236 1234 558 1306 Disciteque‚
585 1251 617 1289 o
634 1235 833 1299 miseri,
861 1242 913 1289 et
930 1252 1143 1289 caussas
1168 1236 1463 1308 cognoscite
1479 1237 1686 1291 rerum!

235 1308 384 1375 Quid
402 1325 609 1375 sumuS,
633 1317 682 1364 et
699 1310 957 1382 quidnam
983 1310 1171 1364 victuri
1190 1310 1497 1384 gignimur?
1532 1312 1661 1366 ordo

235 1384 365 1455 quis
384 1382 557 1449 datus,
580 1392 671 1439 aut
689 1393 853 1441 metae
870 1402 1034 1457 quam
1055 1384 1230 1441 mollis
1247 1385 1434 1450 flexus,
1463 1393 1515 1441 et
1529 1384 1708 1441 unde?

234 1459 366 1530 quis
385 1458 576 1514 modus
594 1459 852 1534 argento?
885 1461 1017 1532 quid
1038 1459 1117 1515 fas
1134 1459 1347 1547 optare?
1382 1461 1515 1533 quid
1537 1478 1691 1548 asper

231 1533 369 1588 utile
389 1550 587 1589 numus
608 1534 801 1590 habet?
836 1537 1036 1591 Patriae
1051 1536 1292 1608 carisque
1307 1536 1620 1608 propinquis
1758 1545 1836 1612 ..7⁰

233 1615 500 1694 quantum
523 1609 734 1683 elargiri
752 1609 947 1677 deceat,
972 1628 1133 1682 quem
1153 1621 1203 1665 te
1221 1611 1353 1665 deus
1372 1627 1488 1665 esse

234 1682 410 1747 iussit,
441 1690 493 1738 et
516 1684 749 1740 humana
769 1702 874 1756 qua
892 1692 1039 1756 parte
1057 1683 1255 1739 locatus
1274 1701 1331 1737 es
1349 1685 1407 1738 in
1431 1700 1505 1746 re,

235 1758 396 1823 disce,
422 1775 597 1829 neque
614 1758 870 1825 invideaS,
894 1758 1037 1830 quod
1056 1758 1226 1812 multa
1249 1757 1419 1811 fidelia
1440 1763 1588 1827 putet

233 1833 292 1886 in
311 1831 570 1903 locuplete
589 1849 749 1902 penu,
771 1832 999 1885 defensis
1017 1831 1311 1903 pinguibus
1331 1830 1566 1896 Umbris,
1646 1834 1649 1837 ’

233 1915 285 1961 et
301 1908 474 1979 piper,
498 1912 550 1960 et
565 1922 774 1977 pernae,
797 1906 956 1961 Marsi
975 1906 1296 1960 monimenta
1315 1904 1537 1972 clientis,
1784 1920 1836 1963 75

231 1997 530 2054 maenaque
548 1979 693 2053 quod
713 1981 882 2052 prima
900 1979 1138 2036 nondum
1156 1980 1394 2037 defecerit
1416 1998 1549 2038 orca.

307 2057 436 2111 Heic
453 2055 648 2128 aliquis
667 2055 734 2111 de
750 2064 905 2131 gente
923 2057 1124 2113 hircosa
1142 2058 1507 2113 centurionum

231 2130 397 2187 dicat:
446 2132 594 2198 Quod
610 2137 741 2187 satia
757 2142 847 2197 est
870 2138 1017 2203 sapio
1035 2137 1190 2188 mihi:
1228 2151 1332 2189 non
1349 2151 1438 2203 eqo
1458 2123 1585 2189 euro

231 2224 360 2271 esee,
384 2211 522 2276 quod
539 2207 801 2263 Arcesilas
818 2215 1210 2278 aerumnosique
1228 2208 1456 2273 Solones,

231 2285 434 2349 obstipo
455 2286 638 2350 capite,
660 2291 713 2336 et
725 2286 933 2352 fiqentes
952 2286 1142 2338 lumine
1163 2294 1257 2338 teri
1259 2302 1374 2346 am,
1780 2293 1833 2335 8ο

229 2371 508 2411 murmura
528 2373 685 2425 quum
697 2374 867 2414 secum
890 2367 939 2413 et
956 2361 1170 2413 rabiosa
1185 2361 1398 2413 silentia
1413 2361 1622 2419 rodunt,

227 2440 391 2501 atque
401 2440 715 2498 eaeporreeto
734 2438 1058 2488 trutinantur
1073 2433 1234 2488 verba
1255 2433 1456 2493 labello,

227 2509 437 2576 aeqroti
458 2509 645 2560 veteris
660 2511 962 2561 meditantes
978 2511 1209 2561 somnia.-
1246 2523 1273 2556 ι)
1283 2508 1427 2574 qiqni

229 2585 296 2634 de
313 2583 482 2636 nihilo
496 2582 649 2644 nihil,
669 2585 728 2634 ι·ιι
744 2583 963 2635 nihilum
978 2584 1056 2634 nil
1064 2596 1221 2649 posse
1238 2582 1488 2634 revertis(

227 2653 345 2711 Hoc
370 2664 471 2720 eet,
513 2659 651 2723 quod
679 2653 888 2723 palles?
922 2671 1024 2709 eur
1060 2658 1178 2782 qztnps
1208 2670 1311 2709 non
1329 2659 1605 2723 prandeat,
1627 2656 1722 2707 Ιιοο
1782 2733 1832 2773 85

1048 2744 1101 2782 es
1180 2757 1256 2769 --·
