2209 3217
524 277 589 330 60
1040 276 1461 325 IUVENALIS

415 393 467 436 so
521 379 759 454 frigidior
778 377 971 434 Geticis
990 379 1185 450 petitur
1200 378 1408 433 aeonem
1427 357 1649 450 pruiriis.

523 456 640 510 Non
657 453 836 509 eadem
862 453 1014 509 vobis
1030 454 1159 524 poni
1175 453 1332 509 modo
1350 453 1472 507 vina
1491 450 1771 524 querebar:

524 546 618 585 vos
636 528 790 584 aliam
814 529 1000 599 potatis
1019 539 1234 599 aquam.
1293 526 1413 581 Tibi
1438 525 1620 598 pocula
1639 542 1824 580 cursor

523 603 777 660 Gaetulus
793 602 956 665 dabit,
979 609 1071 657 aut
1089 601 1229 675 nigri
1246 617 1439 656 manus
1456 617 1603 656 ossea
1619 600 1812 665 Mauri,

523 686 574 733 et
589 679 677 733 cui
696 695 788 749 per
807 677 1033 732 mediam
1053 675 1191 730 nolis
1206 692 1473 731 occurrere
1486 682 1707 739 noctem,

417 764 469 807 55
523 753 747 809 clivosae
763 752 969 808 veheris
988 751 1119 806 dum
1140 768 1232 822 per
1249 758 1589 805 monumenta
1606 749 1834 804 Latinae.

526 828 649 882 Flos
667 827 821 882 Asiae
840 835 958 883 ante
981 826 1178 897 ipsum,
1205 825 1370 897 pretio
1388 825 1581 880 maiore
1598 832 1832 896 paratus,

529 920 692 976 quam
710 901 813 956 fuit
830 909 881 956 et
898 900 1039 958 Tulli
1055 917 1248 956 census
1264 901 1539 973 pugnacis,
1561 908 1613 954 et
1628 899 1780 964 Anci,

526 986 595 1040 et,
623 995 690 1032 ne
706 984 757 1031 te
773 984 996 1041 teneam,
1023 976 1384 1031 Romanorum
1403 975 1580 1030 omnia
1600 990 1788 1046 regum

527 1051 733 1109 frivola.
766 1050 920 1118 Quod
928 1067 1098 1123 quum
1108 1050 1180 1105 ita
1188 1049 1273 1115 sit,
1288 1058 1345 1104 tu
1356 1048 1638 1104 Gaetulum
1647 1047 2017 1122 Ganymedem

421 1138 473 1181 6⁰
528 1127 743 1198 respice,
765 1143 933 1198 quum
955 1125 1122 1180 sities.
1179 1124 1356 1179 Nescit
1374 1131 1447 1178 tot
1466 1122 1706 1178 millibus
1725 1131 1901 1178 emtus

528 1201 848 1274 pauperibus
867 1200 1084 1256 miscere
1103 1217 1262 1272 puer:
1304 1197 1398 1253 sed
1421 1197 1604 1263 forma,
1631 1197 1726 1252 sed
1743 1206 1884 1253 aetas

530 1275 689 1349 digna
707 1274 1006 1346 supercilio.
1045 1273 1269 1340 Quando
1290 1273 1357 1328 ad
1374 1281 1425 1329 te
1443 1272 1680 1345 pervenit
1697 1271 1823 1327 ille?
1903 1290 1908 1294 ·

570 1349 744 1404 uando
762 1356 977 1404 vocatus
995 1348 1142 1403 adest
1161 1348 1357 1403 calidae
1374 1348 1683 1421 gelidaeque
1693 1347 1974 1404 minister?

529 1368 737 1494 guippe
755 1422 1061 1495 indignatur
1076 1423 1239 1477 veteri
1257 1440 1438 1493 parere
1468 1421 1664 1488 clienti,

424 1510 475 1553 65
529 1497 778 1571 quodque
795 1495 1002 1568 aliquid
1027 1513 1211 1567 poscas
1228 1504 1280 1551 et
1297 1496 1442 1569 quod
1462 1515 1521 1552 se
1538 1506 1707 1553 stante
1715 1499 2028 1556 recumbas..

531 1572 763 1629 Maxima
792 1587 1034 1644 quaeque
1064 1570 1257 1626 domus
1286 1573 1455 1627 servis
1474 1580 1553 1627 est
1572 1573 1727 1645 plena
1743 1575 2015 1645 superbie.
2151 1570 2163 1583 ⁸

603 1647 736 1703 Eece
757 1646 892 1702 alius
911 1653 1111 1718 quanto
1127 1647 1360 1717 porrexit
1376 1665 1650 1703 murmure
1735 1665 1860 1705 nem
2161 1593 2164 1744 i

533 1723 626 1778 vix
645 1722 884 1788 fractum,
909 1721 1104 1777 solidae
1124 1721 1230 1777 iam
1249 1723 1460 1779 mucida
1477 1723 1642 1778 frusta
1662 1665 1876 1789 minae,

533 1816 672 1871 quae
697 1798 993 1872 genuinum
1017 1797 1232 1871 agitent,
1272 1813 1376 1853 non
1403 1797 1726 1853 admittentia
1755 1814 2015 1857 morsum.

425 1883 478 1927 70
532 1874 635 1928 Sed
651 1880 796 1929 tener
811 1880 863 1929 et
886 1873 1075 1929 niveus
1100 1873 1357 1947 mollique
1376 1874 1585 1947 siligine
1602 1872 1769 1927 factus

535 1958 771 2003 servatur
788 1948 1022 2004 domino.
1080 1949 1328 2004 Dextram
1344 1949 1591 2003 cohibere
1601 1953 1881 2003 memento.

534 2021 688 2077 Salva
707 2023 778 2076 sit
800 2023 1026 2095 artocopi
1047 2025 1349 2079 reverentia.
1406 2024 1574 2093 Finge
1589 2028 1764 2074 tamen
1789 2030 1841 2076 te

534 2096 915 2168 improbulum,
946 2113 1186 2170 superest
1203 2098 1327 2161 illic,
1353 2096 1450 2167 qui
1472 2110 1661 2166 ponere
1679 2104 1857 2168 nogat:

534 2172 664 2227 »Vis
684 2179 740 2226 tu
757 2174 1037 2238 consuetis,
1062 2173 1238 2227 audax
1256 2170 1493 2232 conviva,
1516 2167 1760 2238 canijtris
1781 2191 1788 2196 ·

427 2255 479 2298 75
534 2245 794 2318 »implexi
820 2249 1076 2319 panisque
1094 2247 1173 2300 tui
1192 2245 1404 2299 novisse
1425 2241 1723 2298 adonemi«

536 2321 745 2377 Scilicet
763 2326 855 2377 hoc
872 2329 1061 2392 suerat,
1077 2328 1293 2387 propter
1309 2323 1445 2388 quod
1461 2336 1629 2387 saepe,
1650 2322 1838 2376 relicta

539 2402 768 2467 coniuye,
791 2414 889 2465 per
909 2404 1129 2449 montem
1153 2398 1428 2448 adversum
1453 2397 1752 2464 gelidasque
1778 2406 1995 2454 cucurri

536 2471 817 2540 Esquilias,
838 2477 1075 2540 fremeret
1088 2487 1249 2525 saeva
1269 2487 1426 2540 quum
1445 2474 1702 2540 arundine
1716 2489 1909 2527 vernus

538 2545 739 2613 Iupiter
757 2555 806 2599 et
822 2548 982 2600 multo
997 2548 1223 2601 stillaret
1240 2549 1471 2615 paenula
1488 2547 1688 2601 nimbo!

431 2629 483 2671 80
540 2619 779 2688 Adspice,
802 2637 963 2691 quam
991 2619 1151 2694 longo
1169 2620 1429 2676 distendat
1447 2628 1648 2693 pectore
1671 2619 1890 2685 lancem,

540 2709 677 2764 quae
696 2691 858 2746 fertur
874 2693 1108 2759 domino,
1123 2695 1338 2767 squilla,
1362 2697 1621 2767 atquibus
1632 2696 2024 2770 undiquesepta

540 2766 825 2838 asparagis,
847 2783 952 2837 qua
973 2767 1223 2840 despiciat
1240 2770 1481 2827 convivia
1502 2771 1685 2836 eauda,
