2209 3217
748 255 1031 302 sATlRA
1075 258 1145 301 X.
1589 253 1675 303 ⁴ss

197 356 302 409 lam
329 362 467 410 tenet
485 353 716 410 Italiam:
757 363 933 409 tamen
951 353 1086 409 ultra
1107 370 1321 427 pergere
1336 357 1520 412 tendit.

193 435 396 494 Actum,
420 430 613 502 inquit,
637 432 768 484 nihil
793 438 884 493 est,
906 434 1011 484 nisi
1028 430 1195 483 Poeno
1213 433 1375 484 milite
1384 442 1567 498 portas
1715 442 1789 485 152.

191 510 501 574 framiniae,
526 514 576 559 et
592 508 762 559 media
778 507 1029 559 vexillum
1044 519 1181 573 pono
1197 503 1428 559 Subura.

192 579 239 635 Ο
258 578 437 651 qualis
456 577 611 633 facies
630 586 680 633 et
695 578 842 650 quali
863 578 1024 652 digna
1042 577 1251 644 tabella,

193 671 369 726 quum
387 653 607 710 Gaetula
624 653 808 709 ducem
835 661 1060 725 portaret
1076 653 1235 710 belua
1253 651 1491 707 luxum!

192 729 389 785 Exitus
404 745 528 801 ergo
546 729 668 801 quis
687 727 802 784 est?
838 727 885 784 Ο
908 728 1101 802 gloria!
1143 727 1375 784 vincitur
1390 727 1531 783 idem

194 820 401 876 nempe,
431 811 483 857 et
506 803 563 858 in
590 803 841 859 exsilium
867 820 1114 875 praeceps
1145 804 1269 869 abit,
1294 810 1451 876 atque
1475 802 1550 857 ibi
1572 820 1683 858 ma-

1037 896 1140 933 nus
1710 888 1789 931 ¹60

194 952 576 1024 mirandusque
592 950 757 1006 cliens
774 950 920 1007 sedet
938 896 1281 1024 adgpraetoria
1299 968 1457 1027 regis,

191 1029 362 1083 donec
377 1027 604 1101 Bithyno
621 1025 779 1082 libeat
796 1026 1014 1101 vigilare
1031 1036 1278 1102 tyranno.

189 1104 383 1159 Finem
404 1102 624 1168 animae,
648 1118 787 1173 quae
802 1119 886 1157 res
903 1103 1167 1157 humanas
1186 1102 1398 1157 miscuit
1413 1099 1558 1164 olim,

191 1195 301 1233 non
320 1176 503 1251 gladii,
526 1193 632 1232 non
649 1194 776 1232 saxa
795 1177 1016 1242 dabunt,
1045 1195 1152 1232 non
1170 1176 1290 1240 tela,
1314 1175 1409 1231 sed
1425 1174 1514 1230 ille

190 1253 498 1310 Cannarum
519 1251 715 1306 vindex
731 1269 792 1306 ac
807 1252 936 1306 tanti
957 1252 1235 1326 sanguinis
1250 1250 1406 1315 ultor,
1711 1261 1788 1304 165

190 1325 448 1383 annulus.
508 1326 549 1390 1,
573 1325 807 1391 demens,
829 1334 881 1380 et
896 1343 1078 1381 saevas
1094 1343 1249 1382 curre
1264 1343 1359 1399 per
1377 1326 1551 1398 Alpes,

192 1411 250 1458 ut
268 1401 450 1474 pueris
469 1399 672 1472 placeas
686 1407 739 1455 et
754 1399 1061 1457 declamatio
1077 1401 1201 1457 fias!

188 1478 346 1533 Unus
367 1475 566 1531 Pellaeo
584 1476 763 1531 iuveni
781 1493 889 1531 non
907 1475 1103 1532 sufficit
1119 1476 1291 1533 orbis:

189 1558 395 1608 aestuat
412 1549 596 1606 infelix
613 1559 838 1625 angusto
858 1550 1024 1608 limite
1041 1552 1251 1619 mundi,

188 1634 247 1683 ut
267 1626 479 1702 Gyarae
494 1624 705 1680 clausus
724 1626 955 1698 scopulis
973 1644 1243 1699 parvaque
1259 1627 1494 1698 Seripho.
1707 1636 1785 1677 17⁰

188 1702 371 1770 Quum
392 1708 568 1755 tamen
587 1717 618 1753 a
637 1699 816 1772 figulis
834 1702 1096 1755 munitam
1115 1700 1385 1755 intraverit
1402 1702 1609 1762 urbem,

187 1775 517 1847 sarcophago
532 1779 804 1826 contentus
821 1773 937 1827 erit.
1014 1775 1156 1828 Mors
1172 1772 1284 1827 sola
1299 1772 1504 1836 fatetur,

186 1847 454 1925 quantula
472 1846 579 1900 sint
596 1844 875 1900 hominum
892 1845 1224 1917 corpuscula.
1281 1845 1523 1901 Creditur
1540 1846 1668 1900 olim

186 1926 486 1981 velificatus
504 1918 685 1986 Athos,
706 1925 758 1975 et
773 1919 1039 1992 quidquid
1056 1920 1271 1975 Graecia
1290 1920 1518 1976 mendax
1632 1987 1636 1990 ¹

187 2000 348 2057 audet
368 1998 425 2052 in
444 1995 687 2050 historia:
728 2002 1050 2051 constratum
1068 1994 1329 2051 classibus
1352 1995 1519 2051 isdem
1709 2006 1786 2050 ¹75

186 2073 633 2206 ffiqusimmque
650 2071 807 2201 rotisa
794 2069 1026 2201 solide
1044 2087 1189 2127 mare
1168 2147 1223 2204 Μ
1222 2070 1522 2203 θ((ἷιτᾱᾶίιηιιε
1541 2070 1671 2127 altos

274 2164 442 2205 ecisse
457 2162 641 2201 amnes
658 2163 689 2202 e
882 2163 912 2201 e
968 2164 1150 2203 umina
1287 2164 1320 2202 o

187 2223 496 2297 prandente,
517 2227 569 2276 et
589 2163 1007 2279 maffiisqelantat
1023 2240 1162 2296 quae
1177 2222 1441 2279 Sostratus
1460 2219 1578 2275 alis.

187 2299 285 2355 Ille
302 2307 478 2353 tamen
497 2294 671 2369 qualis
689 2296 842 2353 rediit
860 2296 1126 2359 Salamine
1142 2298 1337 2362 relieta,

188 2376 247 2430 in
262 2372 460 2430 Corum
478 2379 635 2443 atque
651 2372 854 2428 Eurum
873 2372 1060 2428 solitus
1079 2372 1282 2429 saevire
1298 2369 1520 2444 flagellis
1707 2381 1784 2424 180

80 2513 85 2524 Ι
188 2447 469 2509 barbarus.
489 2444 670 2502 Aeolio
685 2463 962 2519 nunquam
983 2448 1113 2503 haec
1129 2448 1185 2502 in
1209 2462 1412 2502 carcere
1430 2460 1631 2516 passm,

190 2525 371 2596 ipsum
388 2520 733 2594 compedibus
749 2521 847 2594 qui
872 2522 1111 2579 vinxerat
1125 2519 1556 2595 Ennosigaeum?

190 2598 374 2656 Mitius
392 2597 450 2652 id
476 2612 619 2662 sane,
644 2596 790 2669 quod
806 2612 913 2651 non
937 2604 988 2652 et
1005 2598 1246 2671 stigmate
1264 2594 1487 2669 dignum

190 2672 425 2729 credidit.
484 2671 618 2725 Huic
637 2672 923 2743 quisquam
945 2672 1098 2728 vellet
1116 2673 1312 2727 servire
1328 2671 1582 2726 deorum‘?

192 2743 301 2800 Sed
321 2741 503 2815 qualis
523 2740 723 2803 rediit?
759 2760 958 2817 nempe
976 2760 1088 2799 una
1111 2759 1249 2800 nave
1264 2784 1277 2807 ,
1312 2746 1553 2799 cruentis
1715 2754 1793 2796 185
