2209 3217
425 457 473 497 55

424 824 474 870 60

425 1272 476 1315 65

424 1642 476 1683 70

424 2386 474 2428 80

424 2756 474 2798 85

538 266 635 320 126
1010 259 1015 264 ’
1099 266 1519 315 IUVENALIS

529 368 739 432 decidit,
756 374 825 422 ut
843 366 1044 422 malum
1066 365 1203 422 ferro
1218 365 1564 433 submitteret,
1587 380 1649 421 ac
1669 382 1728 421 ee

528 441 756 514 explicat
775 448 1081 515 angustum.
1139 439 1470 496 Discriminis
1487 441 1696 506 ultima,
1720 442 1948 514 quando

530 516 792 589 praesidia
809 517 1077 572 afferimus
1095 531 1288 570 navem
1311 515 1510 570 factura
1529 516 1807 571 minonem.

531 594 555 648 1
574 608 719 647 nunc
734 599 786 646 et
801 592 973 646 ventis
993 591 1228 645 animam
1246 590 1529 655 committe,
1555 589 1730 646 dolato

532 665 767 720 confisus
784 665 947 738 ligno,
971 664 1203 737 digitisa
1221 672 1392 719 morte
1409 672 1643 720 remotus

529 748 759 812 quatuor
778 747 870 795 aut
888 746 1108 810 septem,
1133 739 1181 792 ei
1201 740 1274 793 eit
1297 737 1555 794 latissima
1572 738 1749 795 taeda!

531 817 655 870 Mox
672 831 796 869 cum
816 813 1048 869 reticulis
1064 821 1118 868 et
1136 827 1273 885 pane
1291 821 1346 868 et
1364 820 1547 869 ventre
1563 812 1779 888 lagenae

532 890 741 961 adspice
764 887 1050 958 sumendas
1070 887 1129 943 in
1147 895 1450 961 tempestate
1465 903 1693 944 secures.
1828 897 1834 902 ·

531 964 635 1019 Sed
663 970 943 1035 postquam
974 963 1135 1018 iacuit
1161 964 1380 1037 planum
1409 980 1555 1018 mare
1569 1004 1582 1029 ,
1619 971 1859 1035 tempora
1891 976 2041 1037 post-

1453 1051 1576 1092 uam

534 1129 779 1184 prospera
798 1112 1038 1177 vectoriS,
1050 1110 1341 1183 *fatumque
1358 1055 1621 1167 valentius
1639 1111 1787 1167 Euro

531 1194 583 1243 et
599 1186 803 1260 pelago,
827 1193 1111 1259 postquam
1131 1187 1320 1241 Parcae
1343 1185 1559 1241 meliora
1576 1186 1808 1260 benigna

533 1278 694 1333 pensa
716 1278 878 1316 manu
899 1261 1102 1317 ducunt
1121 1260 1333 1325 hilm-ea,
1356 1267 1406 1315 et
1428 1260 1671 1316 staminis
1691 1260 1798 1316 albi

531 1335 787 1399 lanificae,
811 1336 1018 1406 modica
1036 1353 1143 1391 non
1164 1335 1333 1390 multo
1351 1334 1528 1391 fortior
1546 1349 1670 1390 aura

531 1416 721 1464 ventus
739 1407 910 1463 adest:
952 1410 1100 1481 inopi
1127 1409 1444 1465 miserabilis
1462 1418 1571 1466 arte
1587 1411 1822 1465 cucurrit

535 1481 767 1537 vestibus
786 1483 1028 1545 amentia,
1050 1490 1121 1547 et,
1144 1483 1289 1552 quod
1308 1491 1646 1553 superaverat
1663 1499 1856 1551 unum,

524 1554 649 1611 velo
665 1571 820 1628 prora
840 1569 958 1609 suc.
1017 1556 1131 1610 Iam
1148 1556 1513 1611 deficientibus
1530 1558 1759 1623 Austri5‚

530 1647 652 1703 spes
671 1629 809 1686 vitae
824 1643 950 1684 cum
970 1628 1080 1685 sole
1102 1628 1261 1685 redit:
1303 1637 1418 1684 tum
1437 1637 1621 1704 gratus
1639 1633 1774 1698 Iu10,

533 1713 691 1778 atque
709 1703 970 1761 novercali
988 1704 1138 1760 sedes
1156 1704 1383 1778 praelata
1402 1706 1622 1772 Lavino,

533 1780 853 1852 conspicitur
868 1779 1118 1836 sublimis
1139 1787 1292 1852 apex,
1312 1780 1400 1835 cui
1417 1782 1643 1837 candida
1662 1798 1855 1839 nomen

532 1855 752 1927 scropha
772 1854 933 1921 dedit,
956 1855 1106 1911 laetis
1127 1856 1432 1930 Phrygibus
1450 1856 1691 1913 mirabile
1708 1874 1905 1914 sumen

532 1938 585 1985 et
602 1946 878 2001 nunquam
899 1930 1033 1985 visis
1053 1930 1266 2005 triginta
1285 1930 1423 1985 clara
1442 1929 1714 1986 mamillis.

531 2003 766 2058 Tandem
790 2003 950 2058 intrat
963 2006 1161 2076 positas
1179 2003 1384 2060 inclusa
1401 2021 1497 2076 per
1514 2020 1738 2075 aequora
1758 2006 1934 2063 moles

532 2077 970 2151 Tyrrhenamque
980 2080 1184 2135 Pharon
1203 2087 1542 2151 porrectaque
1561 2078 1772 2131 brachia
1782 2093 2009 2139 rursum
2018 2126 2031 2148 ,

533 2168 670 2223 quae
696 2151 881 2226 pelago
906 2161 1187 2210 occurrunt
1210 2152 1401 2216 medio,
1432 2151 1693 2223 longeque
1712 2150 2037 2229 relinquunt

531 2225 754 2282 ltaliam.
800 2229 917 2282 Non
937 2229 1197 2300 sicigitur
1213 2225 1472 2279 mirabere
1486 2232 1691 2295 portua,

531 2318 668 2374 quos
694 2308 879 2358 natura
895 2300 1054 2357 dedit.
1112 2298 1215 2355 Sed
1232 2305 1415 2353 trunca
1433 2315 1615 2372 puppe
1629 2300 1886 2376 magister

530 2376 775 2431 interiora
789 2375 920 2448 petit
933 2374 1159 2429 Baianae
1174 2373 1355 2445 pervia
1373 2374 1596 2449 cymbae

533 2451 631 2506 tuti
650 2459 835 2524 stagna
851 2449 1020 2504 sinus,
1076 2448 1323 2505 Gaudent
1341 2450 1416 2506 ibi
1441 2449 1634 2507 vertice
1650 2466 1770 2506 raso

530 2525 742 2596 garrula
759 2524 929 2580 securi
948 2541 1160 2580 narrare
1177 2524 1411 2598 pericula
1429 2533 1638 2582 nautae.

532 2598 606 2651 Ite
626 2598 803 2670 igitur,
827 2600 997 2671 pueri,
1024 2599 1224 2675 linguis
1243 2601 1544 2673 animisque
1560 2598 1813 2662 faventes,

533 2678 775 2741 sertaque
792 2673 1029 2730 delubris
1049 2683 1100 2730 et
1117 2675 1253 2730 farra
1275 2676 1529 2748 imponite
1546 2674 1748 2740 cultriS,

531 2759 591 2798 ac
609 2742 795 2798 molles
812 2756 992 2803 ornate
1014 2749 1156 2805 focos
1172 2749 1492 2823 glebamque
1512 2749 1780 2805 virentem.
