<?xml version="1.0" encoding="UTF-8"?>
<!DOCTYPE html PUBLIC "-//W3C//DTD XHTML 1.0 Transitional//EN"
    "http://www.w3.org/TR/xhtml1/DTD/xhtml1-transitional.dtd">
<html xmlns="http://www.w3.org/1999/xhtml" xml:lang="en" lang="en">
 <head>
  <title>
</title>
<meta http-equiv="Content-Type" content="text/html;charset=utf-8" />
  <meta name='ocr-system' content='tesseract 3.04.00' />
  <meta name='ocr-capabilities' content='ocr_page ocr_carea ocr_par ocr_line ocrx_word'/>
</head>
<body>
  <div class='ocr_page' id='page_1' title='image "apersiiflacciet02weisgoog_0024.png"; bbox 0 0 2209 3217; ppageno 0'>
   <div class='ocr_carea' id='block_1_1' title="bbox 500 228 1421 283">
    <p class='ocr_par' dir='ltr' id='par_1_1' title="bbox 500 228 1421 283">
     <span class='ocr_line' id='line_1_1' title="bbox 500 228 1421 283; baseline -0.002 -2"><span class='ocrx_word' id='word_1_1' title='bbox 500 228 562 283; x_wconf 68' lang='lat'>⁴2</span> <span class='ocrx_word' id='word_1_2' title='bbox 1052 236 1114 282; x_wconf 76' lang='lat' dir='ltr'>A.</span> <span class='ocrx_word' id='word_1_3' title='bbox 1161 234 1421 281; x_wconf 85' lang='lat' dir='ltr'>PERSII</span> 
     </span>
    </p>
   </div>
   <div class='ocr_carea' id='block_1_2' title="bbox 389 331 1738 407">
    <p class='ocr_par' dir='ltr' id='par_1_2' title="bbox 389 331 1738 407">
     <span class='ocr_line' id='line_1_2' title="bbox 389 331 1738 407; baseline -0.002 -18"><span class='ocrx_word' id='word_1_4' title='bbox 389 343 442 389; x_wconf 83' lang='lat'>40</span> <span class='ocrx_word' id='word_1_5' title='bbox 494 334 710 406; x_wconf 78' lang='lat' dir='ltr'>Iupiter,</span> <span class='ocrx_word' id='word_1_6' title='bbox 738 333 865 389; x_wconf 77' lang='lat' dir='ltr'>haec</span> <span class='ocrx_word' id='word_1_7' title='bbox 881 331 979 401; x_wconf 87' lang='lat' dir='ltr'>illi,</span> <span class='ocrx_word' id='word_1_8' title='bbox 1001 336 1251 407; x_wconf 86' lang='lat' dir='ltr'>quamvis</span> <span class='ocrx_word' id='word_1_9' title='bbox 1275 343 1322 389; x_wconf 88' lang='lat' dir='ltr'>te</span> <span class='ocrx_word' id='word_1_10' title='bbox 1340 333 1507 389; x_wconf 85' lang='lat' dir='ltr'>albata</span> <span class='ocrx_word' id='word_1_11' title='bbox 1519 332 1738 407; x_wconf 82' lang='lat' dir='ltr'>rogarit.</span> 
     </span>
    </p>
   </div>
   <div class='ocr_carea' id='block_1_3' title="bbox 391 714 443 761">
    <p class='ocr_par' dir='ltr' id='par_1_3' title="bbox 391 714 443 761">
     <span class='ocr_line' id='line_1_3' title="bbox 391 714 443 761; baseline 0 0"><span class='ocrx_word' id='word_1_12' title='bbox 391 714 443 761; x_wconf 79' lang='lat'>45</span> 
     </span>
    </p>
   </div>
   <div class='ocr_carea' id='block_1_4' title="bbox 394 1091 446 1135">
    <p class='ocr_par' dir='ltr' id='par_1_4' title="bbox 394 1091 446 1135">
     <span class='ocr_line' id='line_1_4' title="bbox 394 1091 446 1135; baseline -0.019 0"><span class='ocrx_word' id='word_1_13' title='bbox 394 1091 446 1135; x_wconf 80' lang='lat'>5⁰</span> 
     </span>
    </p>
   </div>
   <div class='ocr_carea' id='block_1_5' title="bbox 396 1465 447 1507">
    <p class='ocr_par' dir='ltr' id='par_1_5' title="bbox 396 1465 447 1507">
     <span class='ocr_line' id='line_1_5' title="bbox 396 1465 447 1507; baseline 0 0"><span class='ocrx_word' id='word_1_14' title='bbox 396 1465 447 1507; x_wconf 80' lang='lat'>55</span> 
     </span>
    </p>
   </div>
   <div class='ocr_carea' id='block_1_6' title="bbox 399 1837 450 1880">
    <p class='ocr_par' dir='ltr' id='par_1_6' title="bbox 399 1837 450 1880">
     <span class='ocr_line' id='line_1_6' title="bbox 399 1837 450 1880; baseline 0 0"><span class='ocrx_word' id='word_1_15' title='bbox 399 1837 450 1880; x_wconf 79' lang='lat'>60</span> 
     </span>
    </p>
   </div>
   <div class='ocr_carea' id='block_1_7' title="bbox 401 2210 451 2253">
    <p class='ocr_par' dir='ltr' id='par_1_7' title="bbox 401 2210 451 2253">
     <span class='ocr_line' id='line_1_7' title="bbox 401 2210 451 2253; baseline 0 0"><span class='ocrx_word' id='word_1_16' title='bbox 401 2210 451 2253; x_wconf 79' lang='lat'>65</span> 
     </span>
    </p>
   </div>
   <div class='ocr_carea' id='block_1_8' title="bbox 399 2583 452 2627">
    <p class='ocr_par' dir='ltr' id='par_1_8' title="bbox 399 2583 452 2627">
     <span class='ocr_line' id='line_1_8' title="bbox 399 2583 452 2627; baseline -0.019 0"><span class='ocrx_word' id='word_1_17' title='bbox 399 2583 452 2627; x_wconf 82' lang='lat'>70</span> 
     </span>
    </p>
   </div>
   <div class='ocr_carea' id='block_1_9' title="bbox 497 406 2025 2799">
    <p class='ocr_par' dir='ltr' id='par_1_9' title="bbox 497 406 1985 631">
     <span class='ocr_line' id='line_1_9' title="bbox 572 406 1887 481; baseline -0.002 -18"><span class='ocrx_word' id='word_1_18' title='bbox 572 408 747 464; x_wconf 87' lang='lat' dir='ltr'>Poscis</span> <span class='ocrx_word' id='word_1_19' title='bbox 764 425 916 480; x_wconf 88' lang='lat' dir='ltr'>opem</span> <span class='ocrx_word' id='word_1_20' title='bbox 938 410 1115 465; x_wconf 84' lang='lat' dir='ltr'>nervis</span> <span class='ocrx_word' id='word_1_21' title='bbox 1133 425 1430 481; x_wconf 74' lang='lat' dir='ltr'>corpusque</span> <span class='ocrx_word' id='word_1_22' title='bbox 1448 408 1598 463; x_wconf 83' lang='lat' dir='ltr'>fidele</span> <span class='ocrx_word' id='word_1_23' title='bbox 1617 406 1887 462; x_wconf 71' lang='lat' dir='ltr'>senectae?</span> 
     </span>
     <span class='ocr_line' id='line_1_10' title="bbox 497 483 1940 557; baseline -0.002 -19"><span class='ocrx_word' id='word_1_24' title='bbox 497 484 643 549; x_wconf 87' lang='lat' dir='ltr'>Esto,</span> <span class='ocrx_word' id='word_1_25' title='bbox 667 484 787 557; x_wconf 78' lang='lat' dir='ltr'>agel</span> <span class='ocrx_word' id='word_1_26' title='bbox 808 514 886 525; x_wconf 89' lang='lat'>—</span> <span class='ocrx_word' id='word_1_27' title='bbox 901 483 993 538; x_wconf 89' lang='lat' dir='ltr'>sed</span> <span class='ocrx_word' id='word_1_28' title='bbox 1013 483 1239 557; x_wconf 79' lang='lat' dir='ltr'><strong>pingues</strong></span> <span class='ocrx_word' id='word_1_29' title='bbox 1259 485 1463 555; x_wconf 87' lang='lat' dir='ltr'>patinae</span> <span class='ocrx_word' id='word_1_30' title='bbox 1480 490 1940 553; x_wconf 84' lang='lat' dir='ltr'>tucetaquecrassa</span> 
     </span>
     <span class='ocr_line' id='line_1_11' title="bbox 499 557 1985 631; baseline -0.002 -18"><span class='ocrx_word' id='word_1_31' title='bbox 499 576 729 613; x_wconf 82' lang='lat' dir='ltr'>annuere</span> <span class='ocrx_word' id='word_1_32' title='bbox 747 557 832 613; x_wconf 87' lang='lat' dir='ltr'>his</span> <span class='ocrx_word' id='word_1_33' title='bbox 840 557 1067 629; x_wconf 87' lang='lat' dir='ltr'>Superos</span> <span class='ocrx_word' id='word_1_34' title='bbox 1077 566 1301 626; x_wconf 85' lang='lat' dir='ltr'>vetuere,</span> <span class='ocrx_word' id='word_1_35' title='bbox 1316 560 1598 631; x_wconf 86' lang='lat' dir='ltr'>Iovemque</span> <span class='ocrx_word' id='word_1_36' title='bbox 1608 564 1893 611; x_wconf 86' lang='lat' dir='ltr'>morantur.</span> <span class='ocrx_word' id='word_1_37' title='bbox 1906 587 1985 601; x_wconf 82' lang='lat'>-—</span> 
     </span>
    </p>

    <p class='ocr_par' dir='ltr' id='par_1_10' title="bbox 499 630 2025 1228">
     <span class='ocr_line' id='line_1_12' title="bbox 574 630 2025 704; baseline -0.001 -16"><span class='ocrx_word' id='word_1_38' title='bbox 574 633 704 688; x_wconf 86' lang='lat' dir='ltr'>Rem</span> <span class='ocrx_word' id='word_1_39' title='bbox 732 640 931 687; x_wconf 86' lang='lat' dir='ltr'>struere</span> <span class='ocrx_word' id='word_1_40' title='bbox 952 640 1166 704; x_wconf 88' lang='lat' dir='ltr'>exoptas</span> <span class='ocrx_word' id='word_1_41' title='bbox 1198 649 1346 688; x_wconf 87' lang='lat' dir='ltr'>caeso</span> <span class='ocrx_word' id='word_1_42' title='bbox 1372 632 1521 695; x_wconf 88' lang='lat' dir='ltr'>bove,</span> <span class='ocrx_word' id='word_1_43' title='bbox 1553 630 1987 704; x_wconf 83' lang='lat' dir='ltr'>Mercuriumque</span> <span class='ocrx_word' id='word_1_44' title='bbox 2019 665 2025 671; x_wconf 89' lang='lat'><strong>·</strong></span> 
     </span>
     <span class='ocr_line' id='line_1_13' title="bbox 500 707 1563 778; baseline -0.002 -16"><span class='ocrx_word' id='word_1_45' title='bbox 500 708 720 762; x_wconf 77' lang='lat' dir='ltr'>accersis</span> <span class='ocrx_word' id='word_1_46' title='bbox 740 707 901 762; x_wconf 76' lang='lat' dir='ltr'>fibra:</span> <span class='ocrx_word' id='word_1_47' title='bbox 942 708 1027 762; x_wconf 86' lang='lat' dir='ltr'>Da</span> <span class='ocrx_word' id='word_1_48' title='bbox 1042 712 1315 778; x_wconf 72' lang='lat' dir='ltr'>fortunare</span> <span class='ocrx_word' id='word_1_49' title='bbox 1323 707 1563 775; x_wconf 78' lang='lat' dir='ltr'>penates!</span> 
     </span>
     <span class='ocr_line' id='line_1_14' title="bbox 501 780 1981 852; baseline -0.001 -15"><span class='ocrx_word' id='word_1_50' title='bbox 501 787 571 837; x_wconf 84' lang='lat' dir='ltr'>da</span> <span class='ocrx_word' id='word_1_51' title='bbox 587 800 758 851; x_wconf 76' lang='lat' dir='ltr'>pecus,</span> <span class='ocrx_word' id='word_1_52' title='bbox 780 790 827 836; x_wconf 80' lang='lat' dir='ltr'>et</span> <span class='ocrx_word' id='word_1_53' title='bbox 844 785 1083 851; x_wconf 73' lang='lat' dir='ltr'>yreyibua</span> <span class='ocrx_word' id='word_1_54' title='bbox 1101 783 1288 852; x_wconf 74' lang='lat' dir='ltr'>fetum!</span> <span class='ocrx_word' id='word_1_55' title='bbox 1301 812 1379 823; x_wconf 91' lang='lat'>--</span> <span class='ocrx_word' id='word_1_56' title='bbox 1394 780 1527 847; x_wconf 88' lang='lat' dir='ltr'>Quo,</span> <span class='ocrx_word' id='word_1_57' title='bbox 1551 780 1793 852; x_wconf 82' lang='lat' dir='ltr'>pessime,</span> <span class='ocrx_word' id='word_1_58' title='bbox 1807 788 1981 850; x_wconf 77' lang='lat' dir='ltr'>pecte,</span> 
     </span>
     <span class='ocr_line' id='line_1_15' title="bbox 499 854 1989 928; baseline -0.002 -16"><span class='ocrx_word' id='word_1_59' title='bbox 499 864 575 912; x_wconf 87' lang='lat' dir='ltr'>tot</span> <span class='ocrx_word' id='word_1_60' title='bbox 591 856 689 911; x_wconf 88' lang='lat' dir='ltr'>tibi</span> <span class='ocrx_word' id='word_1_61' title='bbox 697 873 866 928; x_wconf 88' lang='lat' dir='ltr'>quum</span> <span class='ocrx_word' id='word_1_62' title='bbox 878 856 933 910; x_wconf 89' lang='lat' dir='ltr'>in</span> <span class='ocrx_word' id='word_1_63' title='bbox 942 854 1182 911; x_wconf 86' lang='lat' dir='ltr'>flammas</span> <span class='ocrx_word' id='word_1_64' title='bbox 1192 856 1426 912; x_wconf 89' lang='lat' dir='ltr'>iunicum</span> <span class='ocrx_word' id='word_1_65' title='bbox 1439 866 1643 910; x_wconf 83' lang='lat' dir='ltr'>omenta</span> <span class='ocrx_word' id='word_1_66' title='bbox 1656 854 1989 927; x_wconf 72' lang='lat' dir='ltr'>liquescant?</span> 
     </span>
     <span class='ocr_line' id='line_1_16' title="bbox 503 930 1653 1003; baseline -0.002 -17"><span class='ocrx_word' id='word_1_67' title='bbox 503 934 744 986; x_wconf 79' lang='lat' dir='ltr'>Attamen</span> <span class='ocrx_word' id='word_1_68' title='bbox 765 930 853 986; x_wconf 88' lang='lat' dir='ltr'>hic</span> <span class='ocrx_word' id='word_1_69' title='bbox 876 931 1011 985; x_wconf 85' lang='lat' dir='ltr'>extis</span> <span class='ocrx_word' id='word_1_70' title='bbox 1029 938 1081 986; x_wconf 85' lang='lat' dir='ltr'>et</span> <span class='ocrx_word' id='word_1_71' title='bbox 1098 932 1276 1003; x_wconf 89' lang='lat' dir='ltr'>opimo</span> <span class='ocrx_word' id='word_1_72' title='bbox 1295 930 1502 985; x_wconf 76' lang='lat' dir='ltr'>vincere</span> <span class='ocrx_word' id='word_1_73' title='bbox 1524 930 1653 984; x_wconf 78' lang='lat' dir='ltr'>ferto</span> 
     </span>
     <span class='ocr_line' id='line_1_17' title="bbox 502 1005 1848 1076; baseline -0.002 -17"><span class='ocrx_word' id='word_1_74' title='bbox 502 1005 750 1061; x_wconf 81' lang='lat' dir='ltr'>intendit:</span> <span class='ocrx_word' id='word_1_75' title='bbox 772 1036 849 1048; x_wconf 91' lang='lat'>-—</span> <span class='ocrx_word' id='word_1_76' title='bbox 872 1006 986 1060; x_wconf 86' lang='lat' dir='ltr'>Iam</span> <span class='ocrx_word' id='word_1_77' title='bbox 1001 1012 1186 1061; x_wconf 75' lang='lat' dir='ltr'>crescit</span> <span class='ocrx_word' id='word_1_78' title='bbox 1203 1024 1344 1076; x_wconf 67' lang='lat' dir='ltr'>ager,</span> <span class='ocrx_word' id='word_1_79' title='bbox 1368 1011 1473 1061; x_wconf 76' lang='lat' dir='ltr'>iam</span> <span class='ocrx_word' id='word_1_80' title='bbox 1499 1008 1682 1059; x_wconf 80' lang='lat' dir='ltr'>crescit</span> <span class='ocrx_word' id='word_1_81' title='bbox 1700 1007 1848 1067; x_wconf 79' lang='lat' dir='ltr'>ovile,</span> 
     </span>
     <span class='ocr_line' id='line_1_18' title="bbox 503 1077 1989 1150; baseline -0.002 -15"><span class='ocrx_word' id='word_1_82' title='bbox 503 1086 611 1135; x_wconf 80' lang='lat' dir='ltr'>iam</span> <span class='ocrx_word' id='word_1_83' title='bbox 634 1084 874 1135; x_wconf 76' lang='lat' dir='ltr'>dabitur.-</span> <span class='ocrx_word' id='word_1_84' title='bbox 911 1086 1019 1136; x_wconf 73' lang='lat' dir='ltr'>iam</span> <span class='ocrx_word' id='word_1_85' title='bbox 1037 1083 1171 1136; x_wconf 76' lang='lat' dir='ltr'>iam!</span> <span class='ocrx_word' id='word_1_86' title='bbox 1188 1111 1265 1123; x_wconf 91' lang='lat'>-</span> <span class='ocrx_word' id='word_1_87' title='bbox 1286 1080 1451 1135; x_wconf 88' lang='lat' dir='ltr'>donec</span> <span class='ocrx_word' id='word_1_88' title='bbox 1468 1077 1715 1150; x_wconf 83' lang='lat' dir='ltr'>deceptus</span> <span class='ocrx_word' id='word_1_89' title='bbox 1733 1086 1989 1150; x_wconf 84' lang='lat' dir='ltr'>etexspes</span> 
     </span>
     <span class='ocr_line' id='line_1_19' title="bbox 503 1153 1889 1228; baseline -0.001 -18"><span class='ocrx_word' id='word_1_90' title='bbox 503 1154 861 1228; x_wconf 79' lang='lat' dir='ltr'>nequidquam</span> <span class='ocrx_word' id='word_1_91' title='bbox 881 1153 1047 1210; x_wconf 84' lang='lat' dir='ltr'>fundo</span> <span class='ocrx_word' id='word_1_92' title='bbox 1069 1156 1296 1227; x_wconf 79' lang='lat' dir='ltr'>suspiret</span> <span class='ocrx_word' id='word_1_93' title='bbox 1313 1171 1567 1210; x_wconf 89' lang='lat' dir='ltr'>nummus</span> <span class='ocrx_word' id='word_1_94' title='bbox 1586 1153 1642 1207; x_wconf 86' lang='lat' dir='ltr'>in</span> <span class='ocrx_word' id='word_1_95' title='bbox 1663 1154 1790 1209; x_wconf 86' lang='lat' dir='ltr'>imo.</span> <span class='ocrx_word' id='word_1_96' title='bbox 1811 1183 1889 1196; x_wconf 89' lang='lat'>—-</span> 
     </span>
    </p>

    <p class='ocr_par' dir='ltr' id='par_1_11' title="bbox 502 1228 1759 1749">
     <span class='ocr_line' id='line_1_20' title="bbox 577 1228 1725 1304; baseline -0.001 -22"><span class='ocrx_word' id='word_1_97' title='bbox 577 1228 633 1283; x_wconf 91' lang='lat' dir='ltr'>Si</span> <span class='ocrx_word' id='word_1_98' title='bbox 651 1229 748 1283; x_wconf 88' lang='lat' dir='ltr'>tibi</span> <span class='ocrx_word' id='word_1_99' title='bbox 767 1236 989 1284; x_wconf 86' lang='lat' dir='ltr'>crateras</span> <span class='ocrx_word' id='word_1_100' title='bbox 1009 1231 1210 1304; x_wconf 80' lang='lat' dir='ltr'>argenti</span> <span class='ocrx_word' id='word_1_101' title='bbox 1234 1230 1520 1301; x_wconf 87' lang='lat' dir='ltr'>incusaque</span> <span class='ocrx_word' id='word_1_102' title='bbox 1539 1228 1725 1301; x_wconf 83' lang='lat' dir='ltr'>pingui</span> 
     </span>
     <span class='ocr_line' id='line_1_21' title="bbox 503 1302 1648 1376; baseline -0.003 -17"><span class='ocrx_word' id='word_1_103' title='bbox 503 1319 631 1359; x_wconf 87' lang='lat' dir='ltr'>auro</span> <span class='ocrx_word' id='word_1_104' title='bbox 647 1302 782 1358; x_wconf 87' lang='lat' dir='ltr'>dona</span> <span class='ocrx_word' id='word_1_105' title='bbox 801 1302 980 1370; x_wconf 83' lang='lat' dir='ltr'>feram,</span> <span class='ocrx_word' id='word_1_106' title='bbox 1006 1304 1185 1369; x_wconf 87' lang='lat' dir='ltr'>sudes,</span> <span class='ocrx_word' id='word_1_107' title='bbox 1209 1311 1259 1358; x_wconf 87' lang='lat' dir='ltr'>et</span> <span class='ocrx_word' id='word_1_108' title='bbox 1280 1311 1483 1376; x_wconf 84' lang='lat' dir='ltr'>pectore</span> <span class='ocrx_word' id='word_1_109' title='bbox 1501 1302 1648 1357; x_wconf 81' lang='lat' dir='ltr'>laevo</span> 
     </span>
     <span class='ocr_line' id='line_1_22' title="bbox 505 1377 1729 1449; baseline -0.001 -17"><span class='ocrx_word' id='word_1_110' title='bbox 505 1377 736 1433; x_wconf 87' lang='lat' dir='ltr'>excutias</span> <span class='ocrx_word' id='word_1_111' title='bbox 792 1384 947 1442; x_wconf 86' lang='lat' dir='ltr'>uttas,</span> <span class='ocrx_word' id='word_1_112' title='bbox 976 1377 1192 1433; x_wconf 89' lang='lat' dir='ltr'>laetetur</span> <span class='ocrx_word' id='word_1_113' title='bbox 1207 1377 1590 1449; x_wconf 87' lang='lat' dir='ltr'>praetrepidum</span> <span class='ocrx_word' id='word_1_114' title='bbox 1611 1393 1729 1431; x_wconf 87' lang='lat' dir='ltr'>cor:</span> 
     </span>
     <span class='ocr_line' id='line_1_23' title="bbox 502 1450 1651 1524; baseline -0.002 -17"><span class='ocrx_word' id='word_1_115' title='bbox 502 1453 629 1508; x_wconf 90' lang='lat' dir='ltr'>hinc</span> <span class='ocrx_word' id='word_1_116' title='bbox 646 1450 740 1506; x_wconf 91' lang='lat' dir='ltr'>illu</span> <span class='ocrx_word' id='word_1_117' title='bbox 800 1451 980 1516; x_wconf 88' lang='lat' dir='ltr'>subiit,</span> <span class='ocrx_word' id='word_1_118' title='bbox 1003 1469 1132 1507; x_wconf 84' lang='lat' dir='ltr'>auro</span> <span class='ocrx_word' id='word_1_119' title='bbox 1149 1470 1321 1507; x_wconf 82' lang='lat' dir='ltr'>sacras</span> <span class='ocrx_word' id='word_1_120' title='bbox 1340 1453 1482 1524; x_wconf 90' lang='lat' dir='ltr'>quod</span> <span class='ocrx_word' id='word_1_121' title='bbox 1497 1459 1651 1507; x_wconf 70' lang='lat' dir='ltr'>ovato</span> 
     </span>
     <span class='ocr_line' id='line_1_24' title="bbox 505 1525 1684 1599; baseline -0.001 -18"><span class='ocrx_word' id='word_1_122' title='bbox 505 1526 746 1599; x_wconf 84' lang='lat' dir='ltr'>perducis</span> <span class='ocrx_word' id='word_1_123' title='bbox 766 1525 941 1581; x_wconf 83' lang='lat' dir='ltr'>facies.</span> <span class='ocrx_word' id='word_1_124' title='bbox 1000 1528 1135 1581; x_wconf 87' lang='lat' dir='ltr'>Nam</span> <span class='ocrx_word' id='word_1_125' title='bbox 1157 1526 1338 1582; x_wconf 79' lang='lat' dir='ltr'>fratres</span> <span class='ocrx_word' id='word_1_126' title='bbox 1358 1529 1490 1582; x_wconf 82' lang='lat' dir='ltr'>inter</span> <span class='ocrx_word' id='word_1_127' title='bbox 1509 1543 1684 1589; x_wconf 76' lang='lat' dir='ltr'>aenne,</span> 
     </span>
     <span class='ocr_line' id='line_1_25' title="bbox 505 1600 1684 1676; baseline -0.002 -19"><span class='ocrx_word' id='word_1_128' title='bbox 505 1600 708 1657; x_wconf 86' lang='lat' dir='ltr'>somnia</span> <span class='ocrx_word' id='word_1_129' title='bbox 728 1601 917 1673; x_wconf 84' lang='lat' dir='ltr'>pituita</span> <span class='ocrx_word' id='word_1_130' title='bbox 934 1601 1029 1673; x_wconf 86' lang='lat' dir='ltr'>qui</span> <span class='ocrx_word' id='word_1_131' title='bbox 1052 1602 1425 1676; x_wconf 77' lang='lat' dir='ltr'>purgatissima</span> <span class='ocrx_word' id='word_1_132' title='bbox 1447 1602 1684 1665; x_wconf 78' lang='lat' dir='ltr'>mittunt,</span> 
     </span>
     <span class='ocr_line' id='line_1_26' title="bbox 504 1675 1759 1749; baseline -0.002 -18"><span class='ocrx_word' id='word_1_133' title='bbox 504 1675 768 1749; x_wconf 84' lang='lat' dir='ltr'>praecipui</span> <span class='ocrx_word' id='word_1_134' title='bbox 789 1685 962 1742; x_wconf 84' lang='lat' dir='ltr'>sunto,</span> <span class='ocrx_word' id='word_1_135' title='bbox 986 1677 1161 1749; x_wconf 85' lang='lat' dir='ltr'>sitque</span> <span class='ocrx_word' id='word_1_136' title='bbox 1179 1675 1286 1732; x_wconf 87' lang='lat' dir='ltr'>illis</span> <span class='ocrx_word' id='word_1_137' title='bbox 1305 1693 1459 1731; x_wconf 84' lang='lat' dir='ltr'>aurea</span> <span class='ocrx_word' id='word_1_138' title='bbox 1476 1676 1657 1731; x_wconf 83' lang='lat' dir='ltr'>barba.</span> <span class='ocrx_word' id='word_1_139' title='bbox 1680 1705 1759 1718; x_wconf 85' lang='lat'>-</span> 
     </span>
    </p>

    <p class='ocr_par' dir='ltr' id='par_1_12' title="bbox 504 1750 1833 1900">
     <span class='ocr_line' id='line_1_27' title="bbox 504 1750 1833 1823; baseline -0.002 -16"><span class='ocrx_word' id='word_1_140' title='bbox 504 1755 709 1807; x_wconf 83' lang='lat' dir='ltr'>Aurum</span> <span class='ocrx_word' id='word_1_141' title='bbox 734 1768 857 1807; x_wconf 79' lang='lat' dir='ltr'>vasa</span> <span class='ocrx_word' id='word_1_142' title='bbox 879 1753 1083 1808; x_wconf 86' lang='lat' dir='ltr'>Numae</span> <span class='ocrx_word' id='word_1_143' title='bbox 1101 1750 1450 1823; x_wconf 86' lang='lat' dir='ltr'>Saturniaque</span> <span class='ocrx_word' id='word_1_144' title='bbox 1468 1750 1680 1823; x_wconf 88' lang='lat' dir='ltr'>impulit</span> <span class='ocrx_word' id='word_1_145' title='bbox 1696 1765 1833 1815; x_wconf 85' lang='lat' dir='ltr'>aera,</span> 
     </span>
     <span class='ocr_line' id='line_1_28' title="bbox 504 1826 1716 1900; baseline -0.002 -18"><span class='ocrx_word' id='word_1_146' title='bbox 504 1826 841 1900; x_wconf 86' lang='lat' dir='ltr'>Vestalesque</span> <span class='ocrx_word' id='word_1_147' title='bbox 856 1844 1017 1882; x_wconf 88' lang='lat' dir='ltr'>urnas</span> <span class='ocrx_word' id='word_1_148' title='bbox 1034 1834 1088 1883; x_wconf 84' lang='lat' dir='ltr'>et</span> <span class='ocrx_word' id='word_1_149' title='bbox 1105 1827 1337 1884; x_wconf 85' lang='lat' dir='ltr'>Tuscum</span> <span class='ocrx_word' id='word_1_150' title='bbox 1360 1826 1513 1882; x_wconf 80' lang='lat' dir='ltr'>fictile</span> <span class='ocrx_word' id='word_1_151' title='bbox 1530 1833 1716 1880; x_wconf 88' lang='lat' dir='ltr'>mutat.</span> 
     </span>
    </p>

    <p class='ocr_par' dir='ltr' id='par_1_13' title="bbox 506 1900 1989 2123">
     <span class='ocr_line' id='line_1_29' title="bbox 579 1900 1989 1967; baseline -0.001 -10"><span class='ocrx_word' id='word_1_152' title='bbox 579 1900 625 1957; x_wconf 88' lang='grc' dir='ltr'>Ο</span> <span class='ocrx_word' id='word_1_153' title='bbox 643 1918 835 1957; x_wconf 83' lang='lat' dir='ltr'>curvae</span> <span class='ocrx_word' id='word_1_154' title='bbox 853 1902 908 1957; x_wconf 91' lang='lat' dir='ltr'>in</span> <span class='ocrx_word' id='word_1_155' title='bbox 940 1909 1103 1957; x_wconf 86' lang='lat' dir='ltr'>terras</span> <span class='ocrx_word' id='word_1_156' title='bbox 1126 1903 1348 1967; x_wconf 83' lang='lat' dir='ltr'>animae,</span> <span class='ocrx_word' id='word_1_157' title='bbox 1379 1910 1431 1958; x_wconf 90' lang='lat' dir='ltr'>et</span> <span class='ocrx_word' id='word_1_158' title='bbox 1454 1901 1748 1957; x_wconf 87' lang='lat' dir='ltr'>coelestium</span> <span class='ocrx_word' id='word_1_159' title='bbox 1773 1900 1989 1955; x_wconf 77' lang='lat' dir='ltr'>inanes!</span> 
     </span>
     <span class='ocr_line' id='line_1_30' title="bbox 506 1975 1903 2049; baseline 0 -20"><span class='ocrx_word' id='word_1_160' title='bbox 506 1975 638 2047; x_wconf 88' lang='lat' dir='ltr'>quid</span> <span class='ocrx_word' id='word_1_161' title='bbox 657 1976 803 2030; x_wconf 87' lang='lat' dir='ltr'>iuvat</span> <span class='ocrx_word' id='word_1_162' title='bbox 813 1977 929 2037; x_wconf 83' lang='lat' dir='ltr'>hoc,</span> <span class='ocrx_word' id='word_1_163' title='bbox 949 1976 1162 2049; x_wconf 88' lang='lat' dir='ltr'>templis</span> <span class='ocrx_word' id='word_1_164' title='bbox 1181 1985 1389 2032; x_wconf 77' lang='lat' dir='ltr'>nostros</span> <span class='ocrx_word' id='word_1_165' title='bbox 1412 1976 1690 2031; x_wconf 84' lang='lat' dir='ltr'>immittere</span> <span class='ocrx_word' id='word_1_166' title='bbox 1707 1992 1903 2038; x_wconf 79' lang='lat' dir='ltr'>mores,</span> 
     </span>
     <span class='ocr_line' id='line_1_31' title="bbox 508 2049 1707 2123; baseline 0.003 -19"><span class='ocrx_word' id='word_1_167' title='bbox 508 2060 558 2105; x_wconf 89' lang='lat' dir='ltr'>et</span> <span class='ocrx_word' id='word_1_168' title='bbox 576 2050 712 2104; x_wconf 90' lang='lat' dir='ltr'>bona</span> <span class='ocrx_word' id='word_1_169' title='bbox 733 2049 817 2104; x_wconf 92' lang='lat' dir='ltr'>dis</span> <span class='ocrx_word' id='word_1_170' title='bbox 835 2066 902 2105; x_wconf 85' lang='lat' dir='ltr'>ex</span> <span class='ocrx_word' id='word_1_171' title='bbox 921 2050 1021 2105; x_wconf 88' lang='lat' dir='ltr'>hac</span> <span class='ocrx_word' id='word_1_172' title='bbox 1046 2051 1290 2107; x_wconf 68' lang='lat' dir='ltr'>Scelerata</span> <span class='ocrx_word' id='word_1_173' title='bbox 1306 2051 1496 2106; x_wconf 85' lang='lat' dir='ltr'>ducere</span> <span class='ocrx_word' id='word_1_174' title='bbox 1513 2050 1707 2123; x_wconf 66' lang='lat' dir='ltr'>pulpa?</span> 
     </span>
    </p>

    <p class='ocr_par' dir='ltr' id='par_1_14' title="bbox 506 2124 1679 2197">
     <span class='ocr_line' id='line_1_32' title="bbox 506 2124 1679 2197; baseline 0 -17"><span class='ocrx_word' id='word_1_175' title='bbox 506 2126 642 2180; x_wconf 89' lang='lat' dir='ltr'>Haec</span> <span class='ocrx_word' id='word_1_176' title='bbox 660 2124 764 2179; x_wconf 89' lang='lat' dir='ltr'>sibi</span> <span class='ocrx_word' id='word_1_177' title='bbox 780 2133 1020 2197; x_wconf 86' lang='lat' dir='ltr'>corrupto</span> <span class='ocrx_word' id='word_1_178' title='bbox 1039 2127 1233 2181; x_wconf 87' lang='lat' dir='ltr'>casiam</span> <span class='ocrx_word' id='word_1_179' title='bbox 1253 2125 1492 2182; x_wconf 86' lang='lat' dir='ltr'>dissolvit</span> <span class='ocrx_word' id='word_1_180' title='bbox 1511 2126 1679 2181; x_wconf 85' lang='lat' dir='ltr'>olivo:</span> 
     </span>
    </p>

    <p class='ocr_par' dir='ltr' id='par_1_15' title="bbox 505 2197 1729 2257">
     <span class='ocr_line' id='line_1_33' title="bbox 505 2197 1729 2257; baseline 0.001 -3"><span class='ocrx_word' id='word_1_181' title='bbox 505 2199 633 2255; x_wconf 86' lang='lat' dir='ltr'>hacc</span> <span class='ocrx_word' id='word_1_182' title='bbox 653 2197 935 2254; x_wconf 87' lang='lat' dir='ltr'>Calabrum</span> <span class='ocrx_word' id='word_1_183' title='bbox 954 2201 1096 2255; x_wconf 86' lang='lat' dir='ltr'>coxit</span> <span class='ocrx_word' id='word_1_184' title='bbox 1113 2202 1294 2257; x_wconf 83' lang='lat' dir='ltr'>vitiato</span> <span class='ocrx_word' id='word_1_185' title='bbox 1313 2202 1510 2256; x_wconf 89' lang='lat' dir='ltr'>murice</span> <span class='ocrx_word' id='word_1_186' title='bbox 1528 2200 1729 2256; x_wconf 84' lang='lat' dir='ltr'>vellus:</span> 
     </span>
    </p>

    <p class='ocr_par' dir='ltr' id='par_1_16' title="bbox 506 2273 1996 2648">
     <span class='ocr_line' id='line_1_34' title="bbox 507 2273 1864 2349; baseline 0.001 -21"><span class='ocrx_word' id='word_1_187' title='bbox 507 2274 635 2328; x_wconf 89' lang='lat' dir='ltr'>haec</span> <span class='ocrx_word' id='word_1_188' title='bbox 653 2273 865 2329; x_wconf 85' lang='lat' dir='ltr'>baccam</span> <span class='ocrx_word' id='word_1_189' title='bbox 883 2275 1107 2330; x_wconf 89' lang='lat' dir='ltr'>conchae</span> <span class='ocrx_word' id='word_1_190' title='bbox 1126 2277 1333 2341; x_wconf 80' lang='lat' dir='ltr'>rasisse,</span> <span class='ocrx_word' id='word_1_191' title='bbox 1354 2284 1406 2330; x_wconf 90' lang='lat' dir='ltr'>et</span> <span class='ocrx_word' id='word_1_192' title='bbox 1423 2276 1679 2349; x_wconf 71' lang='lat' dir='ltr'>stringere</span> <span class='ocrx_word' id='word_1_193' title='bbox 1695 2291 1864 2330; x_wconf 78' lang='lat' dir='ltr'>venas</span> 
     </span>
     <span class='ocr_line' id='line_1_35' title="bbox 509 2346 1866 2426; baseline 0.005 -23"><span class='ocrx_word' id='word_1_194' title='bbox 509 2346 755 2426; x_wconf 79' lang='lat' dir='ltr'>ferventis</span> <span class='ocrx_word' id='word_1_195' title='bbox 774 2367 976 2405; x_wconf 87' lang='lat' dir='ltr'>massae</span> <span class='ocrx_word' id='word_1_196' title='bbox 992 2350 1156 2407; x_wconf 88' lang='lat' dir='ltr'>crudo</span> <span class='ocrx_word' id='word_1_197' title='bbox 1174 2351 1239 2406; x_wconf 86' lang='lat' dir='ltr'>de</span> <span class='ocrx_word' id='word_1_198' title='bbox 1256 2350 1472 2422; x_wconf 85' lang='lat' dir='ltr'>pulvere</span> <span class='ocrx_word' id='word_1_199' title='bbox 1491 2351 1668 2406; x_wconf 88' lang='lat' dir='ltr'>iussit.</span> <span class='ocrx_word' id='word_1_200' title='bbox 1861 2394 1866 2410; x_wconf 77' lang='lat'>‚</span> 
     </span>
     <span class='ocr_line' id='line_1_36' title="bbox 508 2424 1940 2497; baseline 0.001 -18"><span class='ocrx_word' id='word_1_201' title='bbox 508 2425 686 2479; x_wconf 85' lang='lat' dir='ltr'>Peccat</span> <span class='ocrx_word' id='word_1_202' title='bbox 702 2433 753 2479; x_wconf 89' lang='lat' dir='ltr'>et</span> <span class='ocrx_word' id='word_1_203' title='bbox 770 2424 913 2490; x_wconf 88' lang='lat' dir='ltr'>haec,</span> <span class='ocrx_word' id='word_1_204' title='bbox 937 2432 1138 2497; x_wconf 84' lang='lat' dir='ltr'>peccat:</span> <span class='ocrx_word' id='word_1_205' title='bbox 1179 2426 1308 2481; x_wconf 85' lang='lat' dir='ltr'>vitio</span> <span class='ocrx_word' id='word_1_206' title='bbox 1326 2432 1499 2479; x_wconf 86' lang='lat' dir='ltr'>tamen</span> <span class='ocrx_word' id='word_1_207' title='bbox 1527 2426 1707 2480; x_wconf 84' lang='lat' dir='ltr'>utitur.</span> <span class='ocrx_word' id='word_1_208' title='bbox 1747 2425 1815 2480; x_wconf 85' lang='lat' dir='ltr'>At</span> <span class='ocrx_word' id='word_1_209' title='bbox 1839 2437 1940 2492; x_wconf 67' lang='lat' dir='ltr'>vos</span> 
     </span>
     <span class='ocr_line' id='line_1_37' title="bbox 507 2497 1886 2572; baseline -0.002 -20"><span class='ocrx_word' id='word_1_210' title='bbox 507 2498 680 2564; x_wconf 83' lang='lat' dir='ltr'>dici-te,</span> <span class='ocrx_word' id='word_1_211' title='bbox 703 2499 988 2571; x_wconf 82' lang='lat' dir='ltr'>pontifices,</span> <span class='ocrx_word' id='word_1_212' title='bbox 1013 2501 1068 2554; x_wconf 92' lang='lat' dir='ltr'>in</span> <span class='ocrx_word' id='word_1_213' title='bbox 1088 2515 1236 2554; x_wconf 89' lang='lat' dir='ltr'>sacro</span> <span class='ocrx_word' id='word_1_214' title='bbox 1254 2499 1385 2572; x_wconf 85' lang='lat' dir='ltr'>quid</span> <span class='ocrx_word' id='word_1_215' title='bbox 1402 2497 1522 2554; x_wconf 82' lang='lat' dir='ltr'>facit</span> <span class='ocrx_word' id='word_1_216' title='bbox 1541 2497 1769 2554; x_wconf 67' lang='lat' dir='ltr'>aurum?</span> <span class='ocrx_word' id='word_1_217' title='bbox 1801 2529 1806 2538; x_wconf 82' lang='lat'><strong>·</strong></span> <span class='ocrx_word' id='word_1_218' title='bbox 1871 2505 1886 2562; x_wconf 64' lang='grc' dir='ltr'>ί,</span> 
     </span>
     <span class='ocr_line' id='line_1_38' title="bbox 506 2573 1996 2648; baseline 0.002 -21"><span class='ocrx_word' id='word_1_219' title='bbox 506 2574 707 2645; x_wconf 89' lang='lat' dir='ltr'>Nempe</span> <span class='ocrx_word' id='word_1_220' title='bbox 724 2574 840 2637; x_wconf 82' lang='lat' dir='ltr'>hoc,</span> <span class='ocrx_word' id='word_1_221' title='bbox 853 2573 1448 2646; x_wconf 86' lang='lat' dir='ltr'>quodVeneridonataea</span> <span class='ocrx_word' id='word_1_222' title='bbox 1459 2575 1665 2648; x_wconf 85' lang='lat' dir='ltr'>virgine</span> <span class='ocrx_word' id='word_1_223' title='bbox 1674 2589 1850 2645; x_wconf 87' lang='lat' dir='ltr'>puppa</span> <span class='ocrx_word' id='word_1_224' title='bbox 1901 2601 1996 2630; x_wconf 64' lang='grc'>’.-</span> 
     </span>
    </p>

    <p class='ocr_par' dir='ltr' id='par_1_17' title="bbox 509 2647 2001 2799">
     <span class='ocr_line' id='line_1_39' title="bbox 582 2647 2001 2723; baseline 0.003 -21"><span class='ocrx_word' id='word_1_225' title='bbox 582 2647 722 2715; x_wconf 88' lang='lat' dir='ltr'>Quin</span> <span class='ocrx_word' id='word_1_226' title='bbox 741 2648 930 2703; x_wconf 88' lang='lat' dir='ltr'>damus</span> <span class='ocrx_word' id='word_1_227' title='bbox 955 2648 1010 2702; x_wconf 91' lang='lat' dir='ltr'>id</span> <span class='ocrx_word' id='word_1_228' title='bbox 1027 2649 1261 2720; x_wconf 89' lang='lat' dir='ltr'>Superis,</span> <span class='ocrx_word' id='word_1_229' title='bbox 1284 2647 1862 2723; x_wconf 80' lang='lat' dir='ltr'>demagnaquoddarel</span> <span class='ocrx_word' id='word_1_230' title='bbox 1911 2666 2001 2708; x_wconf 87' lang='lat' dir='ltr'>nce</span> 
     </span>
     <span class='ocr_line' id='line_1_40' title="bbox 509 2722 1702 2799; baseline 0 -19"><span class='ocrx_word' id='word_1_231' title='bbox 509 2740 614 2780; x_wconf 88' lang='lat' dir='ltr'>non</span> <span class='ocrx_word' id='word_1_232' title='bbox 632 2723 797 2796; x_wconf 89' lang='lat' dir='ltr'>possit</span> <span class='ocrx_word' id='word_1_233' title='bbox 817 2724 994 2797; x_wconf 80' lang='lat' dir='ltr'>magni</span> <span class='ocrx_word' id='word_1_234' title='bbox 1012 2722 1266 2780; x_wconf 85' lang='lat' dir='ltr'>Messalae</span> <span class='ocrx_word' id='word_1_235' title='bbox 1282 2722 1424 2795; x_wconf 90' lang='lat' dir='ltr'>lippa</span> <span class='ocrx_word' id='word_1_236' title='bbox 1443 2739 1702 2799; x_wconf 81' lang='lat' dir='ltr'>propago:</span> 
     </span>
    </p>
   </div>
   <div class='ocr_carea' id='block_1_10' title="bbox 2146 0 2154 638">
    <p class='ocr_par' dir='ltr' id='par_1_18' title="bbox 2146 0 2154 638">
     <span class='ocr_line' id='line_1_41' title="bbox 2146 0 2154 638; baseline 0 0"><span class='ocrx_word' id='word_1_237' title='bbox 2146 0 2154 638; x_wconf 95' lang='lat' dir='ltr'> </span> 
     </span>
    </p>
   </div>
  </div>
 </body>
</html>
