2209 3217
754 280 1041 326 SATIRA
1076 281 1146 327 V.
1433 315 1442 320 -
1616 283 1681 335 59

212 380 323 434 Una
337 384 521 444 simus,
543 380 632 434 ait.
693 380 943 434 Votorum
969 381 1206 435 summai
1245 380 1384 448 Quid
1399 383 1533 440 ultra

204 453 414 526 quaeris
425 451 454 507 Τ
505 454 672 508 Habet
716 454 938 509 Trebius
951 495 964 520 ‚
1010 462 1221 526 propter
1262 458 1404 527 quod
1443 477 1684 531 rumpere

774 577 785 594 x
1004 541 1268 584 somnum·

202 601 385 657 debeat
401 608 453 655 et
470 600 665 674 ligulas
681 602 956 669 dimittere,
979 603 1254 669 sollicitus,
1280 622 1348 659 ne
1739 621 1790 663 20

203 683 302 731 tota
322 673 603 731 salutatrix
627 676 732 731 iam
750 678 905 732 turba
928 679 1185 752 peregerit
1200 680 1384 735 orbem

201 750 466 806 sideribus
484 749 681 816 dubiis.
702 760 793 806 aut
812 752 903 807 illo
919 760 1170 824 tempore,
1193 770 1302 826 quo
1320 765 1379 809 se

203 824 391 899 frigida
409 825 773 898 circumagunt
790 828 928 899 pigri
945 844 1147 882 sarraca
1166 830 1367 885 Bootae.

202 898 386 966 Qualis
406 915 564 957 coena
585 899 798 954 tamen?
834 902 1050 966 Vinum,
1076 903 1219 975 quod
1238 903 1446 959 succida
1468 904 1601 960 nolit

202 973 319 1029 lana
338 973 476 1044 pati:
517 973 584 1029 de
600 974 820 1030 conviva
843 975 1136 1050 Corybanta
1157 978 1381 1033 videbis.
1741 991 1791 1035 25

201 1049 379 1124 Iurgia
396 1046 712 1119 proludunt3
754 1048 847 1104 sed
865 1067 992 1105 mox
1013 1058 1064 1106 et
1081 1051 1269 1123 pocula
1285 1060 1497 1124 torques

199 1123 433 1187 sauciae,
455 1129 505 1175 et
522 1123 681 1178 rubra
704 1123 940 1197 deterges
956 1124 1179 1181 vulnera
1198 1143 1406 1198 mappa,

200 1198 334 1253 inter
352 1213 449 1252 vos
465 1198 670 1268 quoties
690 1198 1107 1271 libertorumque
1122 1200 1383 1255 cohortem

199 1289 381 1346 pugna
400 1271 691 1343 Saguntina
708 1271 872 1329 fervet
887 1275 1169 1329 commissa
1189 1274 1391 1349 lagena.

200 1348 320 1419 Ipse
338 1344 584 1417 capillato
598 1346 853 1402 diffusum
872 1348 1089 1404 consule
1105 1356 1249 1421 potat
1738 1363 1790 1406 3ο

198 1419 557 1492 calcatamque
575 1428 712 1477 tenet
728 1422 880 1478 bellis
899 1423 1180 1479 socialibus
1197 1441 1375 1491 uvam,

198 1495 438 1551 cardiaco
455 1512 751 1568 numquam
769 1498 1019 1572 cyathum
1039 1500 1304 1555 missurus
1322 1501 1508 1557 amico.

199 1570 327 1626 Cras
344 1570 493 1625 bibet
509 1570 728 1627 Albanis
747 1572 950 1645 aliquid
974 1574 1041 1629 de
1056 1575 1345 1639 montibus,
1368 1586 1459 1630 aut
1476 1576 1542 1630 de

198 1645 414 1708 Setinis,
443 1646 596 1701 cuius
615 1647 837 1717 patriam
855 1647 1178 1720 titulumque
1197 1656 1435 1704 senectus

199 1719 394 1775 delevit
412 1719 581 1773 multa
599 1721 788 1774 veteris
806 1720 1034 1792 fuligine
1050 1728 1238 1787 testae3
1459 1772 1463 1775 Α
1743 1734 1793 1777 35

198 1793 357 1867 quale
374 1792 605 1847 coronati
628 1792 851 1847 Thrasea
870 1787 1252 1864 Helvidiusque
1270 1792 1503 1848 solebant

196 1869 487 1925 Brutorum
511 1873 563 1919 et
580 1865 729 1920 Cassi
753 1865 1039 1921 natalibus.
1096 1868 1215 1938 Ipse
1231 1883 1441 1938 capaces

198 1940 496 1999 Heliadum.
511 1946 714 1994 crustas
732 1946 785 1995 et
802 1940 1103 2013 inaequales
1122 1940 1325 2015 beryllo

197 2018 356 2073 Virro
374 2022 518 2072 tenet
532 2014 765 2086 phialas:
807 2015 903 2071 tibi
922 2032 1028 2071 non
1045 2018 1386 2073 committitur
1401 2035 1589 2076 aurum
1608 2039 1619 2090 3

196 2093 303 2158 vel,
328 2090 613 2164 siquando
629 2090 801 2158 datur,
824 2098 1000 2148 custos
1018 2090 1212 2148 affixus
1232 2093 1445 2159 ibidem,
1739 2104 1791 2149 4⁰

197 2168 296 2239 qui
315 2173 557 2222 numeret
569 2183 809 2246 gemmas
819 2184 1134 2241 unguesque
1140 2168 1379 2225 observet
1388 2170 1635 2226 admone.

196 2243 275 2297 Da
293 2241 534 2298 veniam:
575 2241 835 2315 praeclara
854 2243 963 2298 illic
981 2244 1225 2300 laudatur
1243 2245 1425 2315 iaspis.

199 2318 342 2372 Nam
358 2316 528 2380 Virro,
558 2324 617 2372 ut
641 2317 814 2382 multi,
835 2335 1072 2392 gemmas
1090 2319 1161 2374 ad
1176 2319 1364 2390 pocula
1382 2315 1630 2373 transfert

199 2409 231 2445 a
248 2390 452 2465 digitis,
479 2408 617 2462 quas
633 2392 689 2447 in
709 2394 929 2465 vaginae
947 2392 1115 2448 fronte
1132 2392 1332 2447 solebat

199 2482 398 2537 ponere
415 2465 653 2542 zelotypo
672 2466 880 2521 iuvenis
905 2466 1170 2538 praelatus
1194 2466 1388 2519 iarbae.
1740 2475 1791 2521 45

202 2542 286 2595 Tu
309 2540 658 2595 Beneventani
682 2540 877 2593 sutoris
893 2556 1083 2594 nomen
1107 2539 1385 2593 habentem

201 2614 426 2671 siccabis
445 2613 661 2669 calicem
681 2629 930 2667 nasorum
945 2620 1190 2683 quatuorf
1211 2628 1272 2666 ac
1289 2613 1394 2668 iam

200 2697 536 2761 quassatum,
558 2694 609 2743 et
628 2694 781 2758 rupto
799 2693 1096 2758 poscentem
1115 2685 1369 2757 sulphura
1387 2688 1541 2744 vitro.

201 2764 259 2820 Si
280 2763 587 2820 stomachus
605 2761 805 2818 domini
826 2761 988 2817 fervet
1006 2761 1238 2834 vinoque
1251 2762 1490 2834 ciboque.
