2209 3217
413 444 466 487 70

413 815 466 858 75

412 1186 465 1228 80

414 1557 464 1600 85

413 1927 464 1970 90

412 2299 463 2341 95

521 256 586 308 40
1050 260 1475 308 IUVENALIS

521 360 824 417 damnetur:
867 360 914 414 si
934 361 1036 435 vis,
1063 361 1221 417 etiam
1248 361 1506 418 Carfinia:
1548 361 1707 417 talem

523 449 625 489 non
645 442 819 490 sumet
841 434 1086 490 damnata
1104 444 1301 510 togam.
1359 436 1463 492 Sed
1478 437 1649 491 Iulius
1665 441 1848 493 ardet.-

521 517 717 563 aeetuo.
775 508 966 564 Nudus
985 512 1138 582 agas!
1181 511 1360 566 Minus
1379 518 1459 565 est
1476 509 1682 571 insania
1701 513 1897 583 turpis.

518 583 601 637 En
621 583 881 649 habitum,
911 600 1018 654 quo
1036 592 1086 638 te
1105 583 1246 656 leges
1266 601 1326 639 ac
1348 585 1464 639 iura
1484 584 1735 640 serentem

524 656 836 713 vulneribus
855 657 1035 713 crudis
1052 656 1284 728 populus
1304 658 1461 714 modo
1477 659 1645 715 victor
1661 667 1714 715 et
1732 659 1869 716 illud

522 742 834 786 montanum
858 732 1045 803 positis
1062 733 1268 788 audiret
1287 732 1486 806 vulgus
1505 735 1706 789 aratris,

521 804 663 871 Quid
683 822 785 862 non
805 804 1113 876 proclames,
1135 807 1191 862 in
1208 824 1424 879 corpore
1444 806 1636 863 iudicis
1656 809 1754 862 ista

523 882 569 934 si
595 879 812 935 videas?
846 879 1067 946 Quaem,
1094 898 1162 936 an
1182 881 1397 937 deceant
1414 881 1649 937 multicia
1666 883 1891 939 testem?

522 955 654 1009 Acer
678 962 729 1009 et
748 952 1037 1010 indomitus
1064 955 1425 1028 libertatisque
1441 957 1710 1030 magister,

524 1027 738 1092 Cretico,
761 1028 1018 1100 perluces.
1077 1030 1230 1086 Dedit
1249 1031 1388 1086 hanc
1404 1031 1646 1104 contagio
1665 1031 1838 1088 labem

523 1110 573 1157 et
591 1102 736 1159 dabit
761 1104 817 1159 in
832 1104 1041 1175 plures;
1082 1105 1222 1160 sicut
1241 1123 1374 1178 grex
1391 1113 1532 1161 totus
1555 1106 1613 1161 in
1631 1107 1775 1180 agris

519 1177 684 1231 unius
707 1178 882 1234 scabie
897 1179 1036 1234 cadit
1058 1187 1112 1234 et
1128 1180 1398 1253 porrigine
1413 1180 1577 1250 porci,

523 1267 734 1321 uvaque
751 1261 1024 1323 conspecta
1043 1252 1265 1309 livorem
1283 1254 1429 1309 ducit
1446 1254 1514 1309 ab
1538 1271 1663 1312 uva.

597 1325 824 1380 Foedius
853 1327 951 1381 hoc
977 1327 1182 1399 aliquid
1215 1328 1538 1400 quandoque
1559 1328 1779 1388 audebis
1800 1333 2020 1390 amictu.

522 1400 691 1455 Nemo
713 1408 922 1470 repente
940 1400 1042 1456 fuit
1066 1402 1431 1474 turpissimus.
1492 1403 1760 1475 Accipient
1778 1412 1831 1461 te

522 1472 796 1545 paulatim,
819 1476 914 1545 qui
934 1474 1089 1548 longa
1108 1476 1255 1534 domi
1272 1477 1582 1534 redimicula
1600 1488 1827 1534 sumunt

521 1547 801 1612 frontibuS,
825 1556 874 1603 et
891 1556 997 1604 toto
1012 1566 1236 1620 posuere
1254 1552 1473 1607 monilia
1492 1552 1643 1618 collo,

522 1630 679 1694 atque
694 1623 893 1678 Bonam
913 1631 1120 1680 tenerae
1136 1625 1343 1698 placant
1362 1626 1642 1682 abdomine
1662 1643 1852 1698 porcae

520 1706 572 1752 et
591 1713 783 1771 magno
800 1705 995 1754 cratere
1012 1699 1182 1755 deam.
1249 1701 1371 1763 Sed,
1398 1718 1542 1757 more
1559 1701 1773 1758 sinistro

520 1773 781 1846 exagitata
799 1773 998 1844 procul,
1027 1792 1132 1830 non
1152 1775 1310 1831 intrat
1331 1775 1527 1831 femina
1547 1775 1739 1832 limen:

520 1847 647 1902 solis
667 1865 756 1903 ara
773 1848 901 1904 deae
916 1850 1157 1906 maribus
1175 1857 1328 1920 patet.
1394 1852 1470 1905 Ite
1486 1849 1759 1921 profanae!

520 1922 803 1977 clamatur:
845 1923 995 1979 nullo
1010 1924 1179 1997 gemit
1196 1925 1285 1979 hic
1303 1924 1518 1980 tibicina
1537 1942 1721 1981 cornu.

521 1994 666 2049 Talia
689 2004 885 2051 secreta
902 1998 1178 2054 coluerunt
1195 1998 1355 2073 Orgia
1379 1999 1528 2055 taeda

520 2069 822 2140 Cecropiam
844 2070 984 2126 soliti
1007 2074 1199 2145 Baptae
1216 2073 1412 2129 lassare
1428 2074 1654 2147 Cotytto.

520 2143 613 2198 Ille
631 2143 992 2215 supercilium,
1017 2148 1229 2204 madida
1248 2147 1472 2221 fuligine
1491 2149 1733 2211 tinctum,

518 2217 736 2290 obliqua
756 2219 997 2291 producit
1013 2239 1131 2287 acu,
1155 2222 1432 2296 pingitque
1449 2231 1727 2279 trementes

519 2293 759 2350 attollens
775 2294 982 2363 oculos;
1027 2297 1191 2352 vitreo
1209 2298 1343 2353 bibit
1366 2297 1456 2353 ille
1476 2298 1680 2368 Priapo,

519 2369 908 2443 reticulumque
928 2372 1093 2425 comis
1108 2380 1356 2429 auratum
1381 2373 1690 2446 ingentibus
1705 2372 1916 2444 implet,

520 2444 756 2500 caerulea
778 2445 998 2501 indutus
1017 2446 1295 2512 scutulata,
1320 2455 1412 2503 aut
1426 2447 1653 2520 galbana
1673 2464 1811 2512 rasa,

521 2527 571 2572 et
590 2535 682 2589 per
698 2521 954 2575 Iunonem
971 2521 1175 2576 domini
1195 2521 1401 2577 iurante
1420 2521 1681 2576 ministro.

522 2591 616 2647 Ille
638 2600 776 2647 tenet
793 2594 1086 2663 speculum,
1117 2594 1310 2665 pathici
1338 2605 1607 2668 gestamen
1628 2594 1874 2663 Othonis,

415 2655 493 2719 160
521 2665 724 2720 Actoris
744 2666 980 2721 Aurunci
1001 2669 1251 2738 spolium,
1275 2687 1383 2740 quo
1406 2669 1572 2725 seille
1592 2668 1804 2724 videbat

523 2746 804 2805 armatum,
828 2757 999 2811 quum
1019 2743 1126 2797 iam
1144 2742 1257 2798 tolli
1278 2743 1469 2799 vexilla
1494 2743 1714 2800 iuberet.
