2209 3217
674 263 980 315 'SATIRA
1022 270 1068 314 1.
1266 280 1276 296 ¹
1558 266 1622 320 33

205 366 317 422 Cur
340 371 519 420 tamen
537 365 638 420 hoc
657 366 834 436 potius
852 365 1012 421 libeat
1027 365 1301 423 decurrere
1314 385 1515 441 campo,

127 458 225 514 per
253 457 422 512 quem
447 457 678 512 magnus
708 457 874 512 equos
891 440 1173 498 Auruncae
1190 440 1335 496 flexit
1353 443 1620 509 alumnus,
1683 454 1734 497 20

132 517 178 570 si
197 521 354 570 vacat
368 522 420 568 et
436 513 631 585 placidi
647 515 900 570 rationem
920 515 1214 581 admittitis,
1239 516 1413 570 edem.
1459 525 1472 529 ’

131 590 313 656 Quum
336 595 478 648 tener
496 605 715 644 uxorem
736 588 892 643 ducat
910 589 1091 661 spado,
1116 591 1318 646 Maevia
1340 591 1570 645 Tuscum

135 664 260 738 ligat
277 679 470 734 aprum
491 669 543 716 et
560 662 702 717 nuda
718 670 890 732 ‚teneat
907 664 1166 720 venabula
1186 681 1448 733 mamma;

133 738 381 810 patricios
400 753 585 791 omnes
603 737 796 808 opibus
814 755 985 810 quum
1004 746 1249 809 provocet
1264 755 1429 802 unus,

135 830 242 885 quo
263 811 513 866 tondente
601 813 717 866 avis
733 813 915 870 iuveni
934 811 1068 867 mihi
1093 814 1257 868 barba
1276 814 1522 868 sonabat:
1683 823 1734 866 25

137 904 306 959 quum
326 902 452 956 pars
470 887 538 940 Ni
561 884 698 940 iaca'e
713 886 902 956 plebiS,
925 903 1095 958 quum
1116 903 1277 942 verna
1298 888 1500 959 Canopi

136 962 435 1033 Crispinus,
460 960 646 1033 Tyrias
666 960 888 1015 humero
904 969 1175 1016 revocante
1192 961 1444 1027 lacernae,

135 1035 353 1091 ventilet
375 1035 634 1089 aestivum
654 1034 834 1108 digitis
853 1035 1168 1090 sudantibus
1187 1053 1399 1099 aurum,

136 1127 228 1165 nec
246 1108 469 1165 sufferre
485 1116 644 1180 queat
667 1109 880 1164 maioris
897 1110 1128 1181 pondera
1152 1126 1417 1183 gemmae:

135 1183 354 1239 difficile
369 1190 465 1247 eet,
488 1184 702 1237 satiram
719 1200 827 1238 non
840 1184 1086 1238 scribere.
1128 1184 1264 1238 Nam
1275 1185 1398 1256 quis
1414 1184 1627 1259 iniquae
1682 1196 1732 1238 3ο

135 1268 239 1313 tam
260 1258 470 1329 patiens
496 1257 665 1321 urbis,
686 1265 794 1311 tam
817 1257 1032 1322 ferreus,
1053 1264 1115 1312 ut
1131 1265 1300 1313 teneat
1317 1277 1391 1326 se,

136 1332 393 1388 causidici
413 1348 548 1386 nova
574 1345 743 1402 quum
766 1333 941 1386 veniat
960 1331 1136 1388 lectica
1160 1333 1419 1389 Mathonis

133 1407 288 1479 plena
310 1404 467 1477 ipso?
501 1406 780 1477 posthunc
798 1406 977 1480 magni
998 1406 1196 1461 delator
1207 1406 1365 1463 'amici

135 1492 182 1537 et
200 1483 305 1537 cito
325 1488 577 1551 rapturus
595 1480 661 1535 de
678 1481 947 1536 nobilitate
964 1498 1171 1536 comesa

34 1583 37 1592 Δ
134 1556 278 1629 quod
315 1561 572 1627 superest,
613 1572 775 1627 quem
800 1557 971 1612 Massa
1007 1556 1175 1621 timet,
1215 1573 1373 1628 quem
1403 1572 1623 1610 munere

372 1655 381 1668 κ
1009 1630 1024 1683 l
1067 1637 1119 1684 at
1682 1638 1733 1680 35

137 1705 300 1760 Carus
320 1710 372 1757 et
391 1721 422 1757 a
440 1702 644 1774 trepido
662 1703 919 1776 ThYmele
933 1647 1205 1757 &benissa
1220 1703 1332 1755 Lati
1340 1701 1444 1754 no‘?

138 1796 303 1851 quum
324 1785 379 1833 te
396 1778 767 1839 submoveant,
790 1776 886 1845 qui
906 1781 1213 1829 testamenta
1234 1782 1501 1829 merentur

138 1854 400 1916 noctibus,
422 1852 482 1903 in
498 1848 704 1903 coelum
729 1865 866 1919 quos
890 1848 1065 1902 evehit
1083 1847 1278 1917 optima
1299 1847 1500 1902 summi

137 1945 276 1983 nunc
293 1927 389 1983 via
405 1927 705 1996 processus,
734 1921 938 1976 vetulae
955 1921 1128 1975 vesica
1148 1920 1363 1976 beatae?

34 2057 37 2062 .
137 2000 413 2057 Unciolam
431 1996 737 2052 Proculeius
760 1996 932 2061 habet,
955 1994 1050 2050 sed
1069 1994 1210 2052 Gillo
1228 1996 1500 2052 deuncem.
1684 2004 1736 2050 4ο

136 2077 316 2131 Partes
336 2074 574 2146 quisque
589 2090 714 2127 suas
735 2072 803 2127 ad
821 2088 1126 2127 mensuram
1146 2072 1385 2146 inguinis
1396 2072 1547 2128 heres

137 2151 358 2223 accipiat
374 2165 519 2212 sane,
546 2147 837 2203 mercedem
855 2147 1151 2222 sanguinis,
1174 2155 1226 2202 et
1242 2148 1320 2203 sic

137 2225 348 2296 palleat,
373 2230 436 2277 ut
452 2222 613 2277 nudis
631 2223 823 2294 pressit
839 2224 935 2294 qui
953 2222 1187 2277 calcibus
1206 2238 1454 2296 anguem,

137 2306 227 2354 aut
245 2296 663 2371 Lugdunensem
683 2298 857 2352 rhetor
877 2297 1118 2352 dicturus
1137 2297 1205 2351 ad
1223 2314 1385 2351 aram.

210 2372 356 2439 Quid
376 2370 613 2438 referam,
636 2380 833 2444 quanta
851 2373 1052 2426 siccum
1070 2371 1215 2425 iecur
1233 2371 1409 2425 ardeat
1427 2370 1522 2429 ira.
1685 2377 1736 2422 45

139 2464 312 2519 quum
338 2444 596 2520 populum
628 2448 881 2521 gregibus
907 2446 1164 2574 etlimitum
1187 2445 1380 2515 premit
1411 2444 1499 2499 hic
1507 2457 1633 2514 spo-

966 2521 1098 2574 iator

138 2593 336 2724 {1¹3}ssss
349 2592 671 2742 &35⁸3ss}ss
685 2594 864 2722 3131?
868 2594 1341 2722 ssffizffiffizx
1350 2665 1395 2740 ιι)

142 2744 291 2800 exsul
313 2745 382 2802 ab
403 2752 583 2803 octava
600 2744 801 2799 Marius
818 2742 954 2799 bibit
971 2749 1025 2796 et
1039 2739 1234 2796 fruitur-
1250 2741 1335 2796 dis

211 2836 445 2892 Imm.
1373 2829 1415 2884 C
