2209 3217
693 324 982 371 SATIRA
1015 324 1083 371 V.
1562 319 1622 374 21

34 433 37 466 ὲ
136 399 353 499 fregerit
369 421 636 487 articulos,
660 421 852 478 veteris
871 420 1086 476 ramalia
1111 419 1246 493 fagi:

34 529 35 532 =
137 508 259 554 tum
276 497 759 553 crassostransisse
777 496 909 562 dies,
939 495 1220 568 lucemque
1239 493 1541 566 palustrem,
1692 504 1746 546 eo
1807 533 1814 537 .

140 580 192 628 et
210 573 318 628 sibi
339 572 448 626 iam
468 571 572 625 seri
597 570 759 626 vitam
772 570 1087 643 *ingemuere
1104 569 1357 624 relictam.

141 646 212 702 At
230 653 281 700 te
300 645 572 700 nocturnis
590 646 738 699 iuvat
752 644 1111 715 impallescere
1127 643 1343 699 chartis.
1443 664 1448 668 ’

143 719 326 777 Cultor
343 718 488 773 enim
509 719 764 773 iuvenum
783 726 1034 791 purgatas
1053 718 1244 773 inseris
1261 732 1417 771 aures

143 793 298 867 fruge
315 792 616 849 Cleanthea.
682 792 842 847 Petite
859 792 986 846 hinc
1002 792 1330 861 iuvenoeque
1349 803 1610 859 senesque

144 867 312 923 finem
332 866 513 921 animo
530 873 751 930 certum,
775 865 1094 936 miserisque
1111 864 1300 921 viatica
1321 862 1489 918 canis.
1507 889 1587 902 -
1697 871 1747 914 65

145 940 281 996 Grae
297 943 394 994 hoc
409 942 496 1009 fiet
514 942 755 994 idom.—
771 937 900 993 Cras
919 936 1042 990 fiet?
1058 966 1135 980 —
1157 933 1334 1001 Quid?
1352 937 1507 1002 quasi
1526 947 1641 984 πια-
1667 1009 1670 1012 ¹

344 1061 345 1064 ,
1107 1026 1247 1071 num,

144 1092 326 1144 nempe
352 1079 502 1138 diem,
530 1080 713 1131 donas.
732 1106 809 1119 —
825 1076 930 1133 Sed
953 1026 1125 1150 quufn
1151 1078 1245 1133 lux
1267 1078 1427 1133 altera
1450 1078 1612 1143 venit,

138 1149 255 1205 'iam
273 1165 390 1203 cras
413 1149 719 1205 hesternum
738 1153 1164 1208 consumsimus:
1205 1169 1322 1207 ecce
1339 1152 1489 1207 aliud
1504 1169 1620 1207 cras

144 1223 309 1297 egerit
327 1222 427 1277 hos
446 1239 630 1288 annos,
655 1231 706 1278 et
728 1242 938 1298 semper
956 1225 1200 1297 paullum
1218 1226 1317 1280 erit
1331 1225 1496 1281 ultra.

142 1298 282 1353 Nam
302 1297 552 1368 quamvis
577 1314 738 1369 prope
756 1306 824 1365 te,
848 1299 1099 1370 quamvis
1117 1306 1323 1355 temone
1339 1301 1443 1355 sub
1461 1317 1570 1356 uno
1695 1311 1750 1353 7⁸)

141 1378 433 1428 vertentem
451 1388 585 1436 sese,
606 1370 799 1427 frustra
818 1374 1077 1428 sectabere
1093 1374 1369 1440 canthum,
1775 1398 1780 1404 ·

142 1462 320 1519 quum
337 1452 449 1499 rota
465 1446 716 1515 posterior
733 1464 914 1520 curras
934 1455 985 1503 et
1003 1448 1060 1503 in
1078 1465 1178 1503 axe
1194 1448 1445 1503 secundo.
1458 1478 1539 1492 --

216 1519 485 1575 Libertate
499 1536 633 1590 opus
650 1529 747 1587 est,
789 1539 894 1577 non
913 1522 1030 1588 hac,
1053 1539 1221 1650 (lmam
1238 1529 1299 1578 ut
1315 1522 1548 1595 quisque
1565 1522 1669 1579 Ve-

1083 1614 1172 1651 ma

141 1666 370 1723 Publius
389 1667 630 1734 emeruit,
650 1669 957 1727 scabrosum
976 1669 1233 1726 tesserula
1252 1669 1333 1725 far

142 1741 400 1815 possidet.
458 1743 573 1797 Heu
591 1743 792 1798 steriles
816 1744 947 1809 veri,
971 1744 1174 1815 quibus
1189 1761 1299 1798 una
1317 1742 1577 1809 Quiritem
1698 1753 1752 1795 75

143 1817 348 1890 vertigo
367 1815 517 1870 facit!
557 1817 655 1870 Hic
670 1819 832 1872 Dama
850 1816 1257 1872 estnon-tressis
1274 1832 1453 1888 agaso.

142 1908 316 1963 vappa
333 1897 387 1944 et
406 1889 607 1959 lippus,
635 1897 685 1943 et
707 1890 766 1944 in
784 1890 932 1944 tenui
951 1890 1215 1961 farragine
1232 1889 1490 1944 mendax:

144 1965 356 2021 verterit
376 1963 526 2018 hunc
543 1961 811 2027 dominus,
836 1969 1104 2017 momento
1122 1961 1349 2018 turbinis
1367 1963 1480 2025 exit

34 2101 39 2120 ι
143 2041 354 2095 Marcus
363 2039 546 2092 Dama.
556 2067 633 2078 —
649 2037 820 2107 Papae
834 2037 847 2092 1
859 2068 935 2080 —
950 2038 1127 2093 Marco
1135 2038 1425 2109 spondente
1432 2053 1642 2095 recusas

143 2113 355 2169 credere
377 2120 438 2166 tu
458 2110 830 2167 nummos‘I—
845 2113 1020 2168 Marco
1038 2112 1144 2169 sub
1163 2113 1335 2168 iudice
1350 2112 1638 2186 palles‘I—
1698 2123 1751 2167 so

143 2189 355 2244 Marcus
381 2185 534 2241 dixit.
556 2188 729 2242 -lta
756 2194 855 2243 est.
874 2218 952 2231 —
978 2193 1229 2258 Adsiyna,
1249 2189 1448 2253 Marco,
1477 2190 1643 2243 tabel-

145 2336 282 2390 Hacc
302 2351 446 2391 mera
466 2333 706 2392 libertas:
744 2335 885 2393 banc
901 2337 1057 2393 nobis
1076 2336 1216 2409 pilea
1232 2336 1451 2392 donant.

146 2412 226 2466 An
244 2413 522 2479 quisquam
538 2418 613 2463 est
633 2414 773 2465 alius
793 2415 940 2475 liber,
966 2416 1075 2466 nisi
1091 2416 1280 2472 ducere
1295 2416 1461 2465 vitam

151 2488 235 2539 oui
252 2488 374 2538 licet
391 2491 451 2536 ut
464 2483 668 2539 voluit?
704 2485 849 2539 Licet
866 2494 926 2539 ut
942 2488 1058 2540 volo
1076 2490 1278 2539 vivere.-
1314 2498 1421 2536 non
1435 2496 1552 2534 sum

152 2560 364 2613 liberior
380 2551 587 2611 Bruto?
602 2588 678 2600 —
699 2576 727 2609 ι)
739 2558 990 2613 Mendose
1005 2557 1212 2629 colligis
1222 2573 1267 2620 α,
1291 2553 1468 2626 inquit
1700 2566 1753 2609 85

149 2629 352 2690 Stoicus
372 2630 476 2695 hic,
500 2648 682 2686 aurem
701 2630 935 2698 mordaci
954 2630 1093 2685 lotus
1112 2635 1270 2684 aceto.

154 2707 324 2763 »Haec
365 2704 593 2780 (reliqua
633 2703 879 2777 accipio):
922 2701 1079 2759 licet
1110 2710 1180 2831 illlt
1223 2701 1368 2758 volo
1387 2720 1423 2759 v
1437 2701 1642 2768 ivero.

1069 2783 1124 2831 to
1163 2793 1243 2833 e.«
1259 2807 1337 2819 --
