2209 3217
507 245 567 295 40
1048 251 1115 297 Α.
1162 250 1423 297 PERSII

395 359 473 402 120
500 348 626 404 Heic
649 355 821 403 tamen
841 347 1121 405 infodiam:
1155 350 1332 416 nvidi,
1362 350 1472 405 vidi
1496 349 1627 421 ipse,
1651 348 1855 405 libelle:

502 421 762 477 auriculas
773 422 907 477 asini
926 424 1066 479 Mida
1080 442 1173 480 rex
1182 425 1386 480 habetat
1401 454 1479 465 —
1493 426 1599 479 Hoc
1608 433 1976 497 egoopertum‚

501 498 602 551 hoc
619 496 787 551 ridere
803 514 999 563 meum,
1023 506 1131 553 tam
1152 498 1245 561 nil,
1270 498 1422 553 nulla
1433 499 1530 553 tibi
1549 499 1719 554 vendo

501 570 678 626 Iliade.
696 601 778 616 ω-
791 572 991 632 Audaci
1008 573 1314 644 quicunque
1330 572 1497 628 afflate
1515 573 1743 637 Gratiae,

503 648 694 699 iratum
714 645 1026 717 Eupolidem
1054 647 1365 719 praegrandi
1385 664 1508 704 cum
1527 665 1651 703 sene
1665 647 1851 719 palles,

396 731 473 775 125
503 720 709 791 adspice
730 720 943 785 ethaeo,
966 721 1014 774 si
1033 720 1161 776 forte
1180 721 1383 793 aliquid
1399 722 1659 777 decoctius
1678 722 1851 778 audis.

502 794 631 852 Inde
649 802 888 866 vaporata
909 794 1065 849 lector
1082 796 1213 850 mihi
1227 794 1423 851 ferveat
1437 814 1591 851 aure:

502 887 608 925 non
631 869 733 932 hic,
754 868 848 940 qui
869 869 924 928 in
941 869 1178 942 crepidas
1196 869 1474 926 Graiorum
1494 869 1673 925 ludere
1687 865 1847 944 'gestit

503 943 764 1007 sordidus,
788 951 839 997 et
857 942 1002 999 lusco
1021 944 1116 1014 qui
1132 945 1297 1015 possit
1315 945 1509 1000 dicere:
1553 944 1725 1000 luscel

504 1036 619 1073 sese
639 1016 865 1089 aliquem
886 1018 1119 1079 credens,
1141 1017 1268 1073 Italo
1287 1018 1429 1092 quod
1449 1020 1644 1074 honore
1660 1019 1889 1092 supinus

396 1105 475 1149 130
504 1092 712 1165 fregerit
729 1091 968 1148 heminas
987 1092 1128 1147 Arcti
1148 1093 1329 1149 aedilis
1348 1094 1586 1166 iniquas}

506 1183 600 1222 nec
618 1167 710 1240 qui
728 1167 890 1224 abaco
908 1185 1153 1228 numeros
1172 1176 1225 1224 et
1240 1175 1377 1226 secto
1395 1170 1451 1224 in
1474 1167 1691 1240 pulvere
1715 1176 1882 1225 metas

503 1242 601 1297 scit
619 1242 797 1296 risisse
816 1240 973 1307 vafer,
997 1242 1226 1300 multum
1246 1243 1473 1317 gaudere
1490 1251 1720 1315 paratus,

504 1317 551 1371 si
572 1316 768 1389 Cynico
786 1315 1004 1372 barbam
1025 1316 1268 1389 petulans
1288 1318 1502 1373 nonaria
1519 1316 1699 1372 vellat.

504 1392 598 1445 His
619 1407 772 1446 mane
789 1390 1035 1458 edictum,
1057 1400 1176 1464 pest
1190 1392 1412 1465 prandia
1428 1391 1723 1448 Callirhoen
1740 1392 1830 1447 do.

667 1642 1138 1702 SATIRA
1235 1643 1838 1703 SECUNDA.

779 1784 871 1828 an
910 1784 1253 1829 reo-'rum
1286 1784 1697 1829 mamutium.

499 1911 537 1947 A
548 1909 584 1945 R
597 1908 645 1945 G.
663 1908 727 1960 De
743 1907 881 1956 pravi·
900 1907 951 1945 ad
961 1908 1053 1945 deos
1073 1907 1177 1947 votis
1192 1921 1241 1946 nc
1257 1908 1559 1962 superstitione,
1569 1908 1695 1958 deque
1708 1920 1804 1946 vem
1823 1908 1992 1947 deorum

1179 1973 1303 2012 cultu.

580 2045 768 2119 Hunc,
789 2053 1035 2120 Macrine,
1061 2053 1204 2110 diem
1224 2072 1443 2109 numera
1464 2052 1677 2110 meliore
1694 2052 1889 2125 lapillo,

509 2130 603 2202 qui
623 2129 719 2184 tibi
736 2126 966 2188 labentes
984 2130 1199 2202 apponit
1215 2127 1470 2184 candidus
1488 2144 1669 2183 annos.

508 2204 693 2260 Funde
716 2222 922 2260 merum
941 2203 1122 2259 Genio.
1180 2203 1296 2257 Non
1321 2208 1380 2256 tu
1400 2218 1550 2273 prece
1567 2202 1738 2272 poscis
1754 2205 1940 2270 emaci,

508 2297 645 2353 quae
664 2278 766 2334 nisi
787 2278 1013 2334 seductis
1032 2267 1261 2348 nequeas
1283 2275 1604 2332 committere
1620 2275 1781 2332 divis.

402 2370 425 2411 5
508 2355 730 2411 Athona
748 2370 871 2423 pars
887 2365 1160 2422 procerum
1180 2351 1332 2405 tacita
1349 2349 1533 2405 libabit
1551 2367 1740 2410 acerra.

511 2430 664 2486 Haud
689 2427 859 2484 cuivis
893 2432 1196 2498 promptum
1221 2433 1326 2493 est,
1360 2442 1709 2498 murmurque
1735 2425 2001 2487 humiles-

1308 2517 1414 2572 que
1431 2518 1677 2557 susurros

516 2575 689 2631 tollere
708 2573 773 2629 de
796 2572 1024 2644 templis,
1048 2581 1098 2628 et
1117 2582 1293 2645 aperto
1310 2575 1487 2631 vivere
1504 2584 1638 2632 voto.

513 2652 660 2708 Mem
679 2652 834 2713 bona,
872 2654 1041 2718 sama,
1089 2652 1243 2719 fides!
1280 2651 1408 2707 haec
1432 2649 1571 2707 clare
1584 2693 1598 2718 ,
1640 2659 1692 2707 et
1718 2658 1778 2706 ut
1815 2651 2001 2710 audiat

1313 2726 1503 2799 hospes
1518 2747 1529 2758 ·
