2209 3217
451 510 503 551 70

453 880 505 922 75

456 1253 507 1294 80

457 1625 507 1686 βε

458 1996 510 2038 90

461 2367 513 2411 95

560 249 626 300 66
1084 249 1510 323 IUVENALIS

559 358 610 406 et
628 365 795 405 vacuo
816 347 1102 421 clausoque
1120 348 1433 404 sonantiora
1455 348 1565 403 sola'
1582 348 1800 414 theatro,

563 433 723 496 atque
742 442 770 478 a
793 423 1014 495 plebeiis
1035 424 1191 497 longe
1207 423 1504 497 Megalesia,
1526 424 1700 476 tristes

558 515 837 571 personam
857 499 1213 571 thyrsumque
1229 506 1421 560 tenent,
1445 505 1508 551 et·
1520 495 1759 571 subligar
1775 496 1919 554 Acci.

563 572 784 627 Urbicus
803 574 990 628 exodio
1008 573 1176 626 risum
1196 578 1372 626 movet
1389 570 1656 626 Atellanae

559 646 796 720 gestibus
817 647 1112 702 Autonoes:
1153 645 1297 700 hunc
1313 645 1489 718 diligit
1509 645 1654 701 Aelia
1676 663 1900 718 pauper.

564 721 796 776 Solvitur
818 722 903 775 his
923 737 1118 793 magno
1136 719 1567 775 comoeditibula.
1626 720 1778 789 Sunt,
1803 735 1943 793 quae

562 796 967 869 Chrysogonum
983 801 1192 849 cantare
1208 802 1401 851 vetent.
1462 793 1703 865 Hispulla
1719 796 1970 868 tragoedo

560 871 772 944 gaudet.
831 869 916 925 An
933 877 1222 941 exspectas,
1246 877 1305 923 ut
1323 868 1683 936 Quintilianus
1703 871 1945 925 ametur?

561 945 768 1016 Accipis
788 960 1026 1009 uxorem,
1051 944 1117 998 de
1134 961 1242 1016 qua
1260 944 1590 999 citharoedus
1607 944 1811 998 Echion

562 1027 653 1074 aut
682 1018 987 1093 Glaphyrus
1014 1018 1103 1073 flat
1129 1027 1291 1090 pater,
1325 1019 1744 1090 Ambrosiusque
1761 1019 2056 1076 choraules,

564 1094 743 1168 Longa
762 1111 854 1164 per
875 1100 1128 1167 angustos
1148 1093 1377 1166 figamus
1396 1092 1601 1164 pulpita
1627 1095 1798 1149 vicos:

562 1176 814 1222 ornentur
833 1177 1007 1240 postes
1024 1176 1076 1223 et
1089 1168 1279 1243 grandi
1301 1168 1458 1222 ianua
1479 1167 1643 1232 lauro,

564 1250 624 1296 ut
640 1243 934 1299 testudineo
950 1244 1066 1307 tibi,
1091 1242 1328 1306 Lentule,
1348 1258 1576 1313 conopeo

564 1315 759 1371 nobilis
777 1317 1072 1391 Euryalum
1093 1317 1470 1371 mirmillonem
1495 1317 1758 1387 exprimat
1775 1313 1970 1371 infans

638 1391 814 1461 Nupta
833 1391 1067 1445 Senator-i
1086 1393 1328 1445 comitata
1345 1399 1426 1445 est
1444 1392 1632 1463 Hippia
1651 1389 1886 1445 Ludium
1931 1446 1936 1450 ,

564 1463 633 1520 ad
652 1464 858 1519 Pharon
877 1471 928 1519 et
944 1465 1128 1520 Nilum
1148 1464 1454 1536 famosaque
1471 1466 1677 1520 moenia
1696 1465 1844 1538 Lagi,

565 1537 805 1610 prodigia
825 1545 875 1592 et
894 1554 1066 1593 mores
1089 1539 1244 1593 Urbis
1261 1538 1548 1594 damnante
1566 1540 1799 1611 Canopo.

563 1615 848 1667 Immemor
866 1612 953 1667 illa
975 1613 1170 1667 domus
1185 1620 1237 1666 et
1253 1614 1496 1686 coniugis
1513 1622 1673 1686 atque
1690 1614 1901 1678 sororiS,

565 1687 642 1743 nil
663 1688 861 1759 patriae
879 1686 1121 1753 indulsit,
1143 1687 1515 1761 plorantesque
1532 1689 1774 1761 improba
1793 1696 1961 1752 natos,

567 1770 732 1834 utque
747 1764 920 1837 magis
937 1772 1170 1835 stupeaS,
1195 1763 1434 1817 Paridem
1456 1763 1717 1835 ludosque
1738 1761 1976 1835 reliquit.

567 1838 670 1892 Sed
688 1855 1021 1911 quamquam
1036 1839 1092 1893 in
1114 1841 1323 1913 magnis
1332 1839 1523 1909 opibus
1543 1838 1836 1910 plumaque
1844 1846 2061 1910 paterna

566 1920 617 1966 et
641 1915 979 1984 segmentatis
996 1914 1279 1968 dormisset
1293 1912 1513 1985 parvula
1531 1913 1703 1984 cunis,

565 1987 840 2039 contemsit
863 1987 1114 2059 pelagus:
1158 1986 1354 2043 famam
1372 1994 1714 2041 contemserat
1731 1984 1880 2049 olim,

569 2059 724 2112 cuius
741 2059 884 2129 apud
903 2058 1088 2115 molles
1111 2062 1332 2115 minima
1350 2068 1430 2115 est
1450 2061 1647 2114 iactura
1670 2058 1968 2117 cathedras,

567 2130 868 2205 Tyrrhenos
886 2132 1049 2204 igitur
1065 2132 1256 2188 fluctus
1282 2133 1490 2203 lateque
1513 2140 1787 2187 sonantem

569 2205 782 2279 pertulit
799 2206 1008 2262 Ionium
1025 2208 1282 2261 constanti
1302 2214 1525 2278 pectore,
1548 2207 1798 2278 quamvis

568 2280 885 2337 mutandum
909 2282 1060 2337 toties
1077 2288 1215 2335 esset
1233 2285 1410 2337 mare.⁴
1456 2283 1598 2336 Iusta
1622 2281 1802 2352 pericli

571 2358 620 2412 si
638 2356 770 2412 ratio
788 2364 867 2413 est
889 2365 940 2413 et
958 2357 1194 2421 honesta,
1219 2356 1406 2411 timent
1422 2353 1721 2429 pavidoque
1737 2355 1985 2431 gelantur

569 2439 790 2503 pectore,
811 2437 912 2488 'nec
927 2430 1168 2510 tremulis
1187 2439 1412 2503 possunt
1431 2432 1673 2487 insistere
1689 2431 1911 2503 plantis:

569 2506 756 2562 sortem
785 2509 1025 2563 animum
1057 2515 1323 2578 praestant
1348 2508 1527 2573 rebus,
1559 2524 1695 2581 quas
1719 2508 1943 2580 turpiter
1972 2525 2071 2563 au-

1378 2582 1522 2639 dent.

572 2653 630 2708 Si
654 2653 830 2710 iubeat
846 2657 1058 2722 coniux,
1074 2656 1279 2714 *durum
1299 2666 1380 2713 est
1395 2657 1741 2714 conscendere
1758 2655 1940 2711 navim
1956 2673 1968 2725 3

571 2735 700 2784 tunc
718 2731 924 2785 sentina
941 2733 1143 2804 gravis,
1166 2741 1295 2789 tunc
1312 2751 1559 2790 summus
1581 2732 1800 2787 vertitur
1817 2745 1920 2784 aer.
