2209 3217
571 248 667 300 ⁴⁴4
1091 249 1517 297 IUVENALIS

563 349 830 414 adtendas,
855 356 1117 421 quantum
1136 349 1203 405 de
1219 348 1430 423 legibus
1450 349 1563 420 ipse
1584 356 1840 420 queratur

564 424 789 478 fatorum
813 433 863 477 et
885 423 1052 479 nimio
1069 424 1138 478 de
1153 425 1393 489 stamine,
1419 441 1590 495 quum
1606 423 1749 478 videt
1767 424 1908 479 acris

566 496 832 553 Antilochi
859 498 1078 552 barbam
1100 498 1384 553 ardentem.
1423 499 1558 552 Nam
1578 498 1783 569 quaerit
1799 499 1871 553 ab
1890 504 2067 568 omni,

565 572 813 644 quisquis
832 571 996 635 adest,
1018 571 1178 638 socio,
1200 588 1296 626 cur
1314 571 1443 626 haec
1461 573 1515 626 in
1539 581 1771 643 tempora
1790 572 1972 642 duret,

456 658 535 701 255
564 646 710 718 quod
727 645 932 702 facinus
950 645 1175 717 dignum
1196 652 1302 701 tam
1323 644 1481 718 longo
1498 645 1768 702 admiserit
1786 663 1944 704 aevo.

566 722 703 775 Haec
729 720 911 775 eadem
934 719 1140 784 PeleuS,
1172 727 1382 791 raptum
1411 736 1583 791 quum
1613 720 1759 793 luget
1775 721 2045 779 Achillem

568 803 726 867 atque
745 793 899 856 alius,
921 793 1009 847 cui
1027 791 1108 848 fas
1134 794 1373 850 Ithacum
1390 793 1571 867 lugere
1589 802 1877 852 natantem.

568 867 826 926 Incolumi
845 867 997 923 Troia
1021 869 1265 924 Priamus
1290 869 1520 924 venisset
1537 868 1605 925 ad
1623 869 1844 925 umbras

569 943 809 1000 Assaraci
829 942 1038 1015 magnis
1056 942 1384 1009 solennibus,
1407 945 1621 998 Hectore
1635 942 1800 999 funus
1887 987 1893 994 .

462 1028 541 1072 26⁰
568 1025 806 1090 portante
825 1034 884 1072 ac
902 1016 1124 1090 reliquis
1143 1017 1365 1073 fratrum
1384 1018 1695 1083 cervicibus,
1727 1018 1864 1076 inter

571 1092 799 1147 Iliadum
819 1091 1102 1158 lacrumas,
1123 1100 1185 1147 ut
1200 1092 1400 1164 primos
1417 1091 1568 1147 edere
1586 1091 1831 1163 planctus

572 1166 866 1224 Cassandra
884 1167 1151 1239 inciperet,
1175 1167 1445 1239 scissaque
1464 1166 1730 1240 Polyxena
1748 1167 1911 1239 palla,

571 1242 618 1295 si
639 1240 769 1296 foret
785 1241 1073 1298 exstinctus
1091 1240 1302 1297 diverso
1319 1249 1567 1312 tempore,
1591 1257 1701 1311 quo
1718 1241 1828 1297 iam

572 1323 808 1386 coeperat
825 1316 1047 1371 audaces
1065 1315 1213 1371 Paris
1232 1314 1504 1371 aedificare
1520 1316 1742 1370 carinas.

467 1399 544 1442 265
574 1390 755 1460 Longa
775 1388 888 1442 dies
909 1390 1071 1460 igitur
1090 1389 1225 1460 quid
1242 1389 1497 1445 contulit?
1532 1389 1725 1445 Omnia
1745 1389 1880 1444 vidit

573 1478 771 1524 eversa,
795 1468 845 1514 et
863 1460 1091 1516 flammis
1110 1462 1292 1516 Asiam
1311 1462 1555 1533 ferroque
1573 1463 1861 1519 cadentem.

574 1537 727 1590 Tunc
741 1533 894 1606 miles
914 1534 1172 1592 tremulus
1192 1536 1361 1605 posita
1381 1535 1504 1591 tulit
1522 1555 1666 1592 arma
1686 1539 1820 1598 tiara

573 1617 624 1665 et
640 1609 747 1664 ruit
770 1616 890 1664 ante
912 1625 1057 1664 aram
1076 1609 1278 1664 summi
1298 1610 1457 1675 Iovis,
1480 1618 1543 1666 ut
1562 1612 1774 1668 vetulus
1792 1613 1906 1676 bos,

574 1685 671 1757 qui
688 1683 890 1742 domini
915 1682 1098 1738 cultris
1118 1690 1275 1739 tenue
1296 1691 1349 1739 et
1366 1685 1667 1741 miserabile
1683 1686 1881 1743 collum

467 1770 546 1814 270
574 1759 801 1832 praebet,
824 1758 892 1815 ab
911 1758 1118 1833 ingrato
1135 1759 1241 1814 iam
1262 1759 1527 1816 fastiditus
1545 1769 1727 1816 aratro.

574 1835 766 1890 Exitus
790 1833 879 1889 ille
897 1840 1188 1906 utcumque
1205 1834 1469 1894 hominis:
1510 1836 1606 1891 sed
1624 1844 1771 1891 torva
1795 1834 1991 1893 canino

576 1908 785 1964 latravit
802 1909 954 1973 rictu,
979 1926 1117 1980 quae
1133 1910 1417 1981 posthunc
1435 1911 1655 1972 vixerat,
1683 1926 1841 1978 uxor.

573 1982 788 2039 Festino
803 1982 872 2037 ad
891 1990 1115 2049 nostroe,
1139 1991 1190 2039 et
1207 2002 1385 2058 regem
1408 1993 1616 2040 transeo
1634 1984 1805 2047 Ponti,

575 2065 626 2112 et
644 2056 915 2122 Croesum,
936 2073 1099 2128 quem
1119 2074 1225 2115 vox
1244 2060 1369 2115 iusti
1389 2057 1611 2114 facunda
1629 2056 1837 2111 Solonis

468 2143 546 2186 275
575 2130 829 2201 respicere
847 2130 915 2187 ad
933 2130 1121 2207 longae
1138 2134 1296 2192 iussit
1311 2133 1477 2203 spatia
1494 2130 1681 2186 ultima
1700 2129 1859 2187 vitae.

573 2204 841 2262 Exsilium
860 2213 912 2261 et
927 2223 1100 2263 carcer
1117 2208 1614 2275 Minturnarumque
1636 2201 1861 2276 paludes

576 2287 627 2335 et
642 2280 969 2337 mendicatus
991 2282 1128 2337 victa
1142 2279 1458 2353 Carthagine
1473 2279 1642 2350 panis-

576 2356 703 2410 hinc
719 2371 906 2411 causas
924 2355 1177 2410 habuere.
1233 2352 1377 2419 Quid
1395 2353 1488 2409 illo
1504 2355 1619 2410 cive
1636 2352 1846 2412 tulisset

578 2436 761 2486 natura
789 2429 846 2486 in
870 2429 1040 2494 terris,
1062 2427 1199 2500 quid
1210 2428 1376 2485 Roma
1398 2429 1604 2486 beatius
1622 2446 1902 2501 umquam,

468 2513 548 2558 280
576 2505 641 2568 si,
667 2502 1025 2560 circumducto
1042 2504 1372 2576 captivorum
1390 2506 1605 2579 agmine
1621 2512 1673 2561 et
1697 2506 1847 2562 omni

577 2577 838 2644 bellorum
856 2594 1068 2652 pompa,
1090 2579 1326 2636 animam
1343 2579 1640 2638 exhalasset
1655 2580 1911 2652 opimam,

579 2668 751 2722 quum
767 2652 833 2708 de
853 2655 1138 2711 Teutonico
1159 2653 1314 2712 vellet
1331 2655 1642 2713 descendere
1659 2654 1857 2710 curru?

580 2723 802 2779 Provida
822 2728 1070 2799 Pompeio
1087 2729 1299 2788 dederat
1315 2731 1602 2805 Campania
1621 2729 1790 2787 febres
