<?xml version="1.0" encoding="UTF-8"?>
<!DOCTYPE html PUBLIC "-//W3C//DTD XHTML 1.0 Transitional//EN"
    "http://www.w3.org/TR/xhtml1/DTD/xhtml1-transitional.dtd">
<html xmlns="http://www.w3.org/1999/xhtml" xml:lang="en" lang="en">
 <head>
  <title>
</title>
<meta http-equiv="Content-Type" content="text/html;charset=utf-8" />
  <meta name='ocr-system' content='tesseract 3.04.00' />
  <meta name='ocr-capabilities' content='ocr_page ocr_carea ocr_par ocr_line ocrx_word'/>
</head>
<body>
  <div class='ocr_page' id='page_1' title='image "apersiiflacciet02weisgoog_0103.png"; bbox 0 0 2209 3217; ppageno 0'>
   <div class='ocr_carea' id='block_1_1' title="bbox 726 260 1684 314">
    <p class='ocr_par' dir='ltr' id='par_1_1' title="bbox 726 260 1684 314">
     <span class='ocr_line' id='line_1_1' title="bbox 726 260 1684 314; baseline 0.006 -8"><span class='ocrx_word' id='word_1_1' title='bbox 726 262 1015 309; x_wconf 69' lang='lat' dir='ltr'>SATIRA</span> <span class='ocrx_word' id='word_1_2' title='bbox 1058 264 1174 311; x_wconf 78' lang='lat' dir='ltr'>vn.</span> <span class='ocrx_word' id='word_1_3' title='bbox 1626 260 1684 314; x_wconf 70' lang='grc'>91</span> 
     </span>
    </p>
   </div>
   <div class='ocr_carea' id='block_1_2' title="bbox 184 360 1802 2823">
    <p class='ocr_par' dir='ltr' id='par_1_2' title="bbox 193 360 1802 883">
     <span class='ocr_line' id='line_1_2' title="bbox 198 360 1521 433; baseline 0.004 -18"><span class='ocrx_word' id='word_1_4' title='bbox 198 360 568 433; x_wconf 80' lang='lat' dir='ltr'><strong>spirantesque</strong></span> <span class='ocrx_word' id='word_1_5' title='bbox 586 375 763 415; x_wconf 83' lang='lat' dir='ltr'>crocos</span> <span class='ocrx_word' id='word_1_6' title='bbox 782 366 834 414; x_wconf 90' lang='lat' dir='ltr'>et</span> <span class='ocrx_word' id='word_1_7' title='bbox 851 361 908 415; x_wconf 90' lang='lat' dir='ltr'>in</span> <span class='ocrx_word' id='word_1_8' title='bbox 927 377 1065 416; x_wconf 85' lang='lat' dir='ltr'>urna</span> <span class='ocrx_word' id='word_1_9' title='bbox 1080 369 1396 432; x_wconf 89' lang='lat' dir='ltr'>perpetuum</span> <span class='ocrx_word' id='word_1_10' title='bbox 1413 382 1521 430; x_wconf 87' lang='lat' dir='ltr'>ver,</span> 
     </span>
     <span class='ocr_line' id='line_1_3' title="bbox 196 433 1369 508; baseline 0.003 -20"><span class='ocrx_word' id='word_1_11' title='bbox 196 436 290 508; x_wconf 86' lang='lat' dir='ltr'>qui</span> <span class='ocrx_word' id='word_1_12' title='bbox 312 440 703 506; x_wconf 70' lang='lat' dir='ltr'>praecepiorem</span> <span class='ocrx_word' id='word_1_13' title='bbox 722 434 891 489; x_wconf 86' lang='lat' dir='ltr'>sancti</span> <span class='ocrx_word' id='word_1_14' title='bbox 908 433 1124 491; x_wconf 84' lang='lat' dir='ltr'>voluere</span> <span class='ocrx_word' id='word_1_15' title='bbox 1140 438 1369 507; x_wconf 83' lang='lat' dir='ltr'>parentis</span> 
     </span>
     <span class='ocr_line' id='line_1_4' title="bbox 195 508 1802 584; baseline 0.001 -20"><span class='ocrx_word' id='word_1_16' title='bbox 195 527 312 564; x_wconf 68' lang='lat' dir='ltr'>csse</span> <span class='ocrx_word' id='word_1_17' title='bbox 331 508 476 564; x_wconf 81' lang='lat' dir='ltr'>loco!</span> <span class='ocrx_word' id='word_1_18' title='bbox 527 509 767 563; x_wconf 84' lang='lat' dir='ltr'>Metuens</span> <span class='ocrx_word' id='word_1_19' title='bbox 783 510 966 583; x_wconf 81' lang='lat' dir='ltr'>virgae</span> <span class='ocrx_word' id='word_1_20' title='bbox 984 510 1090 565; x_wconf 84' lang='lat' dir='ltr'>iam</span> <span class='ocrx_word' id='word_1_21' title='bbox 1110 510 1331 584; x_wconf 83' lang='lat' dir='ltr'>grandis</span> <span class='ocrx_word' id='word_1_22' title='bbox 1351 511 1581 568; x_wconf 85' lang='lat' dir='ltr'>Achilles</span> <span class='ocrx_word' id='word_1_23' title='bbox 1723 524 1802 576; x_wconf 78' lang='lat'>21⁰</span> 
     </span>
     <span class='ocr_line' id='line_1_5' title="bbox 193 583 1512 653; baseline 0.001 -14"><span class='ocrx_word' id='word_1_24' title='bbox 193 584 439 639; x_wconf 81' lang='lat' dir='ltr'>cantabat</span> <span class='ocrx_word' id='word_1_25' title='bbox 458 583 645 653; x_wconf 82' lang='lat' dir='ltr'>patriis</span> <span class='ocrx_word' id='word_1_26' title='bbox 665 583 722 638; x_wconf 90' lang='lat' dir='ltr'>in</span> <span class='ocrx_word' id='word_1_27' title='bbox 742 584 1040 640; x_wconf 87' lang='lat' dir='ltr'>montibus:</span> <span class='ocrx_word' id='word_1_28' title='bbox 1082 593 1134 640; x_wconf 87' lang='lat' dir='ltr'>et</span> <span class='ocrx_word' id='word_1_29' title='bbox 1150 585 1236 641; x_wconf 90' lang='lat' dir='ltr'>cui</span> <span class='ocrx_word' id='word_1_30' title='bbox 1259 601 1364 641; x_wconf 91' lang='lat' dir='ltr'>non</span> <span class='ocrx_word' id='word_1_31' title='bbox 1384 592 1512 640; x_wconf 87' lang='lat' dir='ltr'>tunc</span> 
     </span>
     <span class='ocr_line' id='line_1_6' title="bbox 194 657 1377 733; baseline 0 -20"><span class='ocrx_word' id='word_1_32' title='bbox 194 658 403 713; x_wconf 81' lang='lat' dir='ltr'>eliceret</span> <span class='ocrx_word' id='word_1_33' title='bbox 420 657 592 712; x_wconf 88' lang='lat' dir='ltr'>risum</span> <span class='ocrx_word' id='word_1_34' title='bbox 611 658 896 716; x_wconf 82' lang='lat' dir='ltr'>citharoedi</span> <span class='ocrx_word' id='word_1_35' title='bbox 913 659 1083 715; x_wconf 85' lang='lat' dir='ltr'>cauda</span> <span class='ocrx_word' id='word_1_36' title='bbox 1099 658 1377 733; x_wconf 76' lang='lat' dir='ltr'><strong>magistri?</strong></span> 
     </span>
     <span class='ocr_line' id='line_1_7' title="bbox 196 730 1705 806; baseline 0.002 -20"><span class='ocrx_word' id='word_1_37' title='bbox 196 733 292 788; x_wconf 85' lang='lat' dir='ltr'>sed</span> <span class='ocrx_word' id='word_1_38' title='bbox 305 730 510 786; x_wconf 82' lang='lat' dir='ltr'>Rufum</span> <span class='ocrx_word' id='word_1_39' title='bbox 528 739 685 804; x_wconf 85' lang='lat' dir='ltr'>atque</span> <span class='ocrx_word' id='word_1_40' title='bbox 701 732 833 788; x_wconf 89' lang='lat' dir='ltr'>alios</span> <span class='ocrx_word' id='word_1_41' title='bbox 851 734 1018 788; x_wconf 82' lang='lat' dir='ltr'>caedit</span> <span class='ocrx_word' id='word_1_42' title='bbox 1036 752 1134 789; x_wconf 90' lang='lat' dir='ltr'>sua</span> <span class='ocrx_word' id='word_1_43' title='bbox 1151 751 1422 806; x_wconf 83' lang='lat' dir='ltr'>quemque</span> <span class='ocrx_word' id='word_1_44' title='bbox 1440 733 1705 800; x_wconf 84' lang='lat' dir='ltr'>iuventus,</span> 
     </span>
     <span class='ocr_line' id='line_1_8' title="bbox 194 805 1507 883; baseline 0.002 -22"><span class='ocrx_word' id='word_1_45' title='bbox 194 805 417 870; x_wconf 85' lang='lat' dir='ltr'>Rufum,</span> <span class='ocrx_word' id='word_1_46' title='bbox 441 806 537 878; x_wconf 91' lang='lat' dir='ltr'>qui</span> <span class='ocrx_word' id='word_1_47' title='bbox 558 807 706 862; x_wconf 91' lang='lat' dir='ltr'>toties</span> <span class='ocrx_word' id='word_1_48' title='bbox 725 807 1027 863; x_wconf 84' lang='lat' dir='ltr'>Ciceronem</span> <span class='ocrx_word' id='word_1_49' title='bbox 1048 808 1331 883; x_wconf 79' lang='lat' dir='ltr'><strong>Allobroga</strong></span> <span class='ocrx_word' id='word_1_50' title='bbox 1350 809 1507 864; x_wconf 79' lang='lat' dir='ltr'>dixit.</span> 
     </span>
    </p>

    <p class='ocr_par' dir='ltr' id='par_1_3' title="bbox 194 880 1801 1085">
     <span class='ocr_line' id='line_1_9' title="bbox 267 880 1801 953; baseline 0.001 -19"><span class='ocrx_word' id='word_1_51' title='bbox 267 880 406 947; x_wconf 85' lang='lat' dir='ltr'>Quis</span> <span class='ocrx_word' id='word_1_52' title='bbox 425 881 626 953; x_wconf 88' lang='lat' dir='ltr'>gremio</span> <span class='ocrx_word' id='word_1_53' title='bbox 641 881 892 938; x_wconf 81' lang='lat' dir='ltr'>Enceladi</span> <span class='ocrx_word' id='word_1_54' title='bbox 912 881 1157 953; x_wconf 87' lang='lat' dir='ltr'>doctique</span> <span class='ocrx_word' id='word_1_55' title='bbox 1174 884 1505 939; x_wconf 79' lang='lat' dir='ltr'>Palaemonis</span> <span class='ocrx_word' id='word_1_56' title='bbox 1523 881 1689 947; x_wconf 84' lang='lat' dir='ltr'>affert,</span> <span class='ocrx_word' id='word_1_57' title='bbox 1722 893 1801 936; x_wconf 82' lang='lat'>215</span> 
     </span>
     <span class='ocr_line' id='line_1_10' title="bbox 194 955 1693 1085; baseline 0 -74"><span class='ocrx_word' id='word_1_58' title='bbox 194 961 463 1028; x_wconf 83' lang='lat' dir='ltr'>quantum</span> <span class='ocrx_word' id='word_1_59' title='bbox 499 955 877 1029; x_wconf 86' lang='lat' dir='ltr'>grammaticus</span> <span class='ocrx_word' id='word_1_60' title='bbox 918 956 1113 1085; x_wconf 56' lang='grc' dir='ltr'>ωεὶιιίε</span> <span class='ocrx_word' id='word_1_61' title='bbox 1138 956 1321 1013; x_wconf 75' lang='lat' dir='ltr'>labor?</span> <span class='ocrx_word' id='word_1_62' title='bbox 1356 965 1406 1013; x_wconf 93' lang='lat' dir='ltr'>et</span> <span class='ocrx_word' id='word_1_63' title='bbox 1432 965 1607 1012; x_wconf 89' lang='lat' dir='ltr'>tamen</span> <span class='ocrx_word' id='word_1_64' title='bbox 1626 974 1693 1012; x_wconf 86' lang='lat' dir='ltr'>ex</span> 
     </span>
    </p>

    <p class='ocr_par' dir='ltr' id='par_1_4' title="bbox 194 1048 1694 1236">
     <span class='ocr_line' id='line_1_11' title="bbox 1039 1048 1117 1095; baseline 0 0"><span class='ocrx_word' id='word_1_65' title='bbox 1039 1048 1117 1095; x_wconf 86' lang='lat'>00,</span> 
     </span>
     <span class='ocr_line' id='line_1_12' title="bbox 194 1101 1694 1178; baseline 0.001 -20"><span class='ocrx_word' id='word_1_66' title='bbox 194 1102 577 1177; x_wconf 86' lang='lat' dir='ltr'>quodcumque</span> <span class='ocrx_word' id='word_1_67' title='bbox 604 1109 702 1170; x_wconf 88' lang='lat' dir='ltr'>est,</span> <span class='ocrx_word' id='word_1_68' title='bbox 733 1101 933 1178; x_wconf 89' lang='lat' dir='ltr'>(minus</span> <span class='ocrx_word' id='word_1_69' title='bbox 950 1112 1030 1159; x_wconf 85' lang='lat' dir='ltr'>est</span> <span class='ocrx_word' id='word_1_70' title='bbox 1053 1112 1248 1171; x_wconf 81' lang='lat' dir='ltr'>autem,</span> <span class='ocrx_word' id='word_1_71' title='bbox 1278 1122 1442 1177; x_wconf 88' lang='lat' dir='ltr'>quam</span> <span class='ocrx_word' id='word_1_72' title='bbox 1471 1104 1694 1159; x_wconf 87' lang='lat' dir='ltr'>rhetoris</span> 
     </span>
     <span class='ocr_line' id='line_1_13' title="bbox 1002 1196 1124 1236; baseline -0.025 0"><span class='ocrx_word' id='word_1_73' title='bbox 1002 1196 1124 1236; x_wconf 85' lang='lat' dir='ltr'>aera</span> 
     </span>
    </p>

    <p class='ocr_par' dir='ltr' id='par_1_5' title="bbox 184 1179 1800 2823">
     <span class='ocr_line' id='line_1_14' title="bbox 190 1179 1397 1324; baseline -0.002 -15"><span class='ocrx_word' id='word_1_74' title='bbox 190 1250 446 1324; x_wconf 86' lang='lat' dir='ltr'>discipuli</span> <span class='ocrx_word' id='word_1_75' title='bbox 465 1253 644 1306; x_wconf 84' lang='lat' dir='ltr'>custos‘</span> <span class='ocrx_word' id='word_1_76' title='bbox 658 1252 986 1323; x_wconf 76' lang='lat' dir='ltr'>praemordet</span> <span class='ocrx_word' id='word_1_77' title='bbox 1003 1179 1397 1308; x_wconf 61' lang='lat' dir='ltr'>Acognonoe‘tus</span> 
     </span>
     <span class='ocr_line' id='line_1_15' title="bbox 190 1325 1587 1400; baseline -0.001 -17"><span class='ocrx_word' id='word_1_78' title='bbox 190 1336 262 1393; x_wconf 89' lang='lat' dir='ltr'>et,</span> <span class='ocrx_word' id='word_1_79' title='bbox 287 1328 386 1398; x_wconf 85' lang='lat' dir='ltr'>qui</span> <span class='ocrx_word' id='word_1_80' title='bbox 402 1325 689 1397; x_wconf 78' lang='lat' dir='ltr'>dispensat,</span> <span class='ocrx_word' id='word_1_81' title='bbox 710 1325 908 1400; x_wconf 85' lang='lat' dir='ltr'>frangit</span> <span class='ocrx_word' id='word_1_82' title='bbox 929 1327 1054 1383; x_wconf 85' lang='lat' dir='ltr'>sibi.</span> <span class='ocrx_word' id='word_1_83' title='bbox 1114 1326 1270 1393; x_wconf 84' lang='lat' dir='ltr'>Cede,</span> <span class='ocrx_word' id='word_1_84' title='bbox 1293 1326 1587 1392; x_wconf 82' lang='lat' dir='ltr'>Palaemon,</span> 
     </span>
     <span class='ocr_line' id='line_1_16' title="bbox 190 1399 1800 1475; baseline -0.002 -18"><span class='ocrx_word' id='word_1_85' title='bbox 190 1409 244 1457; x_wconf 84' lang='lat' dir='ltr'>et</span> <span class='ocrx_word' id='word_1_86' title='bbox 259 1400 579 1474; x_wconf 84' lang='lat' dir='ltr'>patere-inde</span> <span class='ocrx_word' id='word_1_87' title='bbox 595 1399 800 1473; x_wconf 84' lang='lat' dir='ltr'>aliquid</span> <span class='ocrx_word' id='word_1_88' title='bbox 824 1401 1131 1469; x_wconf 85' lang='lat' dir='ltr'>decrescere,</span> <span class='ocrx_word' id='word_1_89' title='bbox 1155 1418 1261 1457; x_wconf 90' lang='lat' dir='ltr'>non</span> <span class='ocrx_word' id='word_1_90' title='bbox 1283 1402 1447 1468; x_wconf 85' lang='lat' dir='ltr'>aliter,</span> <span class='ocrx_word' id='word_1_91' title='bbox 1468 1420 1634 1475; x_wconf 86' lang='lat' dir='ltr'>quam</span> <span class='ocrx_word' id='word_1_92' title='bbox 1721 1410 1800 1456; x_wconf 84' lang='lat'>220</span> 
     </span>
     <span class='ocr_line' id='line_1_17' title="bbox 189 1475 1392 1550; baseline 0.002 -19"><span class='ocrx_word' id='word_1_93' title='bbox 189 1476 403 1531; x_wconf 87' lang='lat' dir='ltr'>institor</span> <span class='ocrx_word' id='word_1_94' title='bbox 426 1475 677 1532; x_wconf 83' lang='lat' dir='ltr'>hibernae</span> <span class='ocrx_word' id='word_1_95' title='bbox 694 1477 877 1549; x_wconf 84' lang='lat' dir='ltr'>tegetis</span> <span class='ocrx_word' id='word_1_96' title='bbox 896 1478 1147 1550; x_wconf 84' lang='lat' dir='ltr'>niveique</span> <span class='ocrx_word' id='word_1_97' title='bbox 1162 1477 1392 1544; x_wconf 74' lang='lat' dir='ltr'>cadurci,</span> 
     </span>
     <span class='ocr_line' id='line_1_18' title="bbox 190 1549 1592 1626; baseline 0.001 -20"><span class='ocrx_word' id='word_1_98' title='bbox 190 1549 486 1606; x_wconf 87' lang='lat' dir='ltr'>dummodo</span> <span class='ocrx_word' id='word_1_99' title='bbox 500 1567 573 1606; x_wconf 82' lang='lat' dir='ltr'>ne</span> <span class='ocrx_word' id='word_1_100' title='bbox 585 1559 779 1624; x_wconf 81' lang='lat' dir='ltr'>pereat,</span> <span class='ocrx_word' id='word_1_101' title='bbox 801 1552 1006 1608; x_wconf 88' lang='lat' dir='ltr'>mediae</span> <span class='ocrx_word' id='word_1_102' title='bbox 1022 1554 1166 1626; x_wconf 88' lang='lat' dir='ltr'>quod</span> <span class='ocrx_word' id='word_1_103' title='bbox 1191 1554 1357 1608; x_wconf 86' lang='lat' dir='ltr'>noctis</span> <span class='ocrx_word' id='word_1_104' title='bbox 1377 1552 1444 1608; x_wconf 80' lang='lat' dir='ltr'>ab</span> <span class='ocrx_word' id='word_1_105' title='bbox 1464 1552 1592 1607; x_wconf 88' lang='lat' dir='ltr'>hora</span> 
     </span>
     <span class='ocr_line' id='line_1_19' title="bbox 189 1625 1446 1699; baseline 0.002 -18"><span class='ocrx_word' id='word_1_106' title='bbox 189 1625 396 1690; x_wconf 85' lang='lat' dir='ltr'>sedisti,</span> <span class='ocrx_word' id='word_1_107' title='bbox 425 1641 533 1697; x_wconf 87' lang='lat' dir='ltr'>qua</span> <span class='ocrx_word' id='word_1_108' title='bbox 552 1642 709 1682; x_wconf 86' lang='lat' dir='ltr'>nemo</span> <span class='ocrx_word' id='word_1_109' title='bbox 727 1625 889 1692; x_wconf 82' lang='lat' dir='ltr'>faber,</span> <span class='ocrx_word' id='word_1_110' title='bbox 913 1644 1021 1699; x_wconf 85' lang='lat' dir='ltr'>qua</span> <span class='ocrx_word' id='word_1_111' title='bbox 1041 1644 1198 1683; x_wconf 90' lang='lat' dir='ltr'>nemo</span> <span class='ocrx_word' id='word_1_112' title='bbox 1216 1627 1446 1691; x_wconf 82' lang='lat' dir='ltr'>sedehat,</span> 
     </span>
     <span class='ocr_line' id='line_1_20' title="bbox 188 1699 1344 1773; baseline -0.001 -18"><span class='ocrx_word' id='word_1_113' title='bbox 188 1701 290 1773; x_wconf 91' lang='lat' dir='ltr'>qui</span> <span class='ocrx_word' id='word_1_114' title='bbox 307 1700 456 1755; x_wconf 88' lang='lat' dir='ltr'>docet</span> <span class='ocrx_word' id='word_1_115' title='bbox 472 1699 692 1771; x_wconf 89' lang='lat' dir='ltr'>obliquo</span> <span class='ocrx_word' id='word_1_116' title='bbox 710 1699 885 1754; x_wconf 82' lang='lat' dir='ltr'>lanam</span> <span class='ocrx_word' id='word_1_117' title='bbox 908 1701 1165 1756; x_wconf 78' lang='lat' dir='ltr'>deducere</span> <span class='ocrx_word' id='word_1_118' title='bbox 1181 1701 1344 1765; x_wconf 81' lang='lat' dir='ltr'>ferro3</span> 
     </span>
     <span class='ocr_line' id='line_1_21' title="bbox 189 1771 1798 1843; baseline -0.004 -12"><span class='ocrx_word' id='word_1_119' title='bbox 189 1773 487 1831; x_wconf 89' lang='lat' dir='ltr'>dummodo</span> <span class='ocrx_word' id='word_1_120' title='bbox 504 1789 612 1828; x_wconf 90' lang='lat' dir='ltr'>non</span> <span class='ocrx_word' id='word_1_121' title='bbox 630 1780 807 1843; x_wconf 83' lang='lat' dir='ltr'>pereat</span> <span class='ocrx_word' id='word_1_122' title='bbox 823 1773 1039 1827; x_wconf 86' lang='lat' dir='ltr'>totidem</span> <span class='ocrx_word' id='word_1_123' title='bbox 1063 1773 1304 1827; x_wconf 77' lang='lat' dir='ltr'>olfecisse</span> <span class='ocrx_word' id='word_1_124' title='bbox 1321 1771 1581 1834; x_wconf 86' lang='lat' dir='ltr'>lucernas,</span> <span class='ocrx_word' id='word_1_125' title='bbox 1719 1782 1798 1825; x_wconf 82' lang='lat'>225</span> 
     </span>
     <span class='ocr_line' id='line_1_22' title="bbox 188 1844 1485 1923; baseline -0.006 -17"><span class='ocrx_word' id='word_1_126' title='bbox 188 1856 326 1923; x_wconf 85' lang='lat' dir='ltr'>quot</span> <span class='ocrx_word' id='word_1_127' title='bbox 345 1846 559 1920; x_wconf 83' lang='lat' dir='ltr'>stabant</span> <span class='ocrx_word' id='word_1_128' title='bbox 575 1845 746 1915; x_wconf 87' lang='lat' dir='ltr'>pueri,</span> <span class='ocrx_word' id='word_1_129' title='bbox 771 1862 942 1916; x_wconf 85' lang='lat' dir='ltr'>quum</span> <span class='ocrx_word' id='word_1_130' title='bbox 959 1853 1101 1900; x_wconf 84' lang='lat' dir='ltr'>totus</span> <span class='ocrx_word' id='word_1_131' title='bbox 1122 1844 1328 1899; x_wconf 88' lang='lat' dir='ltr'>decolor</span> <span class='ocrx_word' id='word_1_132' title='bbox 1347 1852 1485 1899; x_wconf 86' lang='lat' dir='ltr'>esset</span> 
     </span>
     <span class='ocr_line' id='line_1_23' title="bbox 184 1918 1373 1992; baseline -0.006 -13"><span class='ocrx_word' id='word_1_133' title='bbox 184 1924 435 1985; x_wconf 78' lang='lat' dir='ltr'>Flaccus,</span> <span class='ocrx_word' id='word_1_134' title='bbox 463 1926 514 1973; x_wconf 83' lang='lat' dir='ltr'>et</span> <span class='ocrx_word' id='word_1_135' title='bbox 541 1919 771 1974; x_wconf 81' lang='lat' dir='ltr'>haereret</span> <span class='ocrx_word' id='word_1_136' title='bbox 786 1919 942 1992; x_wconf 87' lang='lat' dir='ltr'>nigro</span> <span class='ocrx_word' id='word_1_137' title='bbox 965 1918 1133 1992; x_wconf 80' lang='lat' dir='ltr'>fuligo</span> <span class='ocrx_word' id='word_1_138' title='bbox 1150 1918 1373 1974; x_wconf 87' lang='lat' dir='ltr'>Maroni.</span> 
     </span>
     <span class='ocr_line' id='line_1_24' title="bbox 186 1993 1469 2067; baseline -0.005 -13"><span class='ocrx_word' id='word_1_139' title='bbox 186 1999 330 2054; x_wconf 84' lang='lat' dir='ltr'>Rara</span> <span class='ocrx_word' id='word_1_140' title='bbox 353 2002 535 2050; x_wconf 80' lang='lat' dir='ltr'>tamen</span> <span class='ocrx_word' id='word_1_141' title='bbox 559 2009 776 2055; x_wconf 84' lang='lat' dir='ltr'>merces,</span> <span class='ocrx_word' id='word_1_142' title='bbox 799 2010 936 2065; x_wconf 79' lang='lat' dir='ltr'>quae</span> <span class='ocrx_word' id='word_1_143' title='bbox 952 1994 1249 2067; x_wconf 82' lang='lat' dir='ltr'>cognitione</span> <span class='ocrx_word' id='word_1_144' title='bbox 1267 1993 1469 2048; x_wconf 87' lang='lat' dir='ltr'>tribuni</span> 
     </span>
     <span class='ocr_line' id='line_1_25' title="bbox 185 2067 1436 2144; baseline -0.004 -15"><span class='ocrx_word' id='word_1_145' title='bbox 185 2090 300 2129; x_wconf 87' lang='lat' dir='ltr'>non</span> <span class='ocrx_word' id='word_1_146' title='bbox 343 2076 512 2144; x_wconf 81' lang='lat' dir='ltr'>egeat.</span> <span class='ocrx_word' id='word_1_147' title='bbox 568 2067 674 2124; x_wconf 90' lang='lat' dir='ltr'>Sed</span> <span class='ocrx_word' id='word_1_148' title='bbox 691 2085 787 2124; x_wconf 84' lang='lat' dir='ltr'>vos</span> <span class='ocrx_word' id='word_1_149' title='bbox 803 2085 986 2125; x_wconf 86' lang='lat' dir='ltr'>saevas</span> <span class='ocrx_word' id='word_1_150' title='bbox 1004 2070 1264 2141; x_wconf 81' lang='lat' dir='ltr'>imponite</span> <span class='ocrx_word' id='word_1_151' title='bbox 1276 2068 1436 2143; x_wconf 80' lang='lat' dir='ltr'>leges,</span> 
     </span>
     <span class='ocr_line' id='line_1_26' title="bbox 186 2144 1798 2219; baseline -0.005 -16"><span class='ocrx_word' id='word_1_152' title='bbox 186 2153 255 2203; x_wconf 85' lang='lat' dir='ltr'>ut</span> <span class='ocrx_word' id='word_1_153' title='bbox 270 2144 591 2218; x_wconf 80' lang='lat' dir='ltr'>praeceptori</span> <span class='ocrx_word' id='word_1_154' title='bbox 609 2144 891 2199; x_wconf 86' lang='lat' dir='ltr'>verborum</span> <span class='ocrx_word' id='word_1_155' title='bbox 912 2144 1089 2219; x_wconf 87' lang='lat' dir='ltr'>regula</span> <span class='ocrx_word' id='word_1_156' title='bbox 1112 2150 1328 2210; x_wconf 88' lang='lat' dir='ltr'>constet,</span> <span class='ocrx_word' id='word_1_157' title='bbox 1718 2152 1798 2196; x_wconf 80' lang='lat'>23⁰</span> 
     </span>
     <span class='ocr_line' id='line_1_27' title="bbox 186 2218 1488 2294; baseline -0.002 -18"><span class='ocrx_word' id='word_1_158' title='bbox 186 2229 254 2277; x_wconf 84' lang='lat' dir='ltr'>ut</span> <span class='ocrx_word' id='word_1_159' title='bbox 277 2220 416 2294; x_wconf 87' lang='lat' dir='ltr'>legat</span> <span class='ocrx_word' id='word_1_160' title='bbox 432 2218 697 2285; x_wconf 86' lang='lat' dir='ltr'>historias,</span> <span class='ocrx_word' id='word_1_161' title='bbox 722 2226 956 2276; x_wconf 83' lang='lat' dir='ltr'>auctores</span> <span class='ocrx_word' id='word_1_162' title='bbox 982 2220 1187 2277; x_wconf 86' lang='lat' dir='ltr'>noverit</span> <span class='ocrx_word' id='word_1_163' title='bbox 1202 2237 1407 2284; x_wconf 71' lang='lat' dir='ltr'>omnae,</span> <span class='ocrx_word' id='word_1_164' title='bbox 1483 2249 1488 2256; x_wconf 65' lang='lat'>,</span> 
     </span>
     <span class='ocr_line' id='line_1_28' title="bbox 186 2293 1682 2368; baseline -0.003 -15"><span class='ocrx_word' id='word_1_165' title='bbox 186 2305 466 2367; x_wconf 81' lang='lat' dir='ltr'>tamquam</span> <span class='ocrx_word' id='word_1_166' title='bbox 484 2311 692 2368; x_wconf 81' lang='lat' dir='ltr'>ungues</span> <span class='ocrx_word' id='word_1_167' title='bbox 710 2295 1010 2368; x_wconf 71' lang='lat' dir='ltr'>digitosque</span> <span class='ocrx_word' id='word_1_168' title='bbox 1027 2312 1182 2363; x_wconf 83' lang='lat' dir='ltr'>suos3</span> <span class='ocrx_word' id='word_1_169' title='bbox 1223 2303 1286 2350; x_wconf 91' lang='lat' dir='ltr'>ut</span> <span class='ocrx_word' id='word_1_170' title='bbox 1304 2293 1432 2349; x_wconf 86' lang='lat' dir='ltr'>forte</span> <span class='ocrx_word' id='word_1_171' title='bbox 1450 2303 1682 2365; x_wconf 82' lang='lat' dir='ltr'>rogatus,</span> 
     </span>
     <span class='ocr_line' id='line_1_29' title="bbox 188 2366 1547 2442; baseline -0.004 -16"><span class='ocrx_word' id='word_1_172' title='bbox 188 2370 324 2426; x_wconf 90' lang='lat' dir='ltr'>dum</span> <span class='ocrx_word' id='word_1_173' title='bbox 342 2369 472 2442; x_wconf 83' lang='lat' dir='ltr'>petit</span> <span class='ocrx_word' id='word_1_174' title='bbox 493 2377 585 2425; x_wconf 86' lang='lat' dir='ltr'>aut</span> <span class='ocrx_word' id='word_1_175' title='bbox 601 2369 831 2438; x_wconf 77' lang='lat' dir='ltr'>thermas</span> <span class='ocrx_word' id='word_1_176' title='bbox 850 2378 941 2425; x_wconf 84' lang='lat' dir='ltr'>aut</span> <span class='ocrx_word' id='word_1_177' title='bbox 959 2370 1157 2425; x_wconf 88' lang='lat' dir='ltr'>Phoebi</span> <span class='ocrx_word' id='word_1_178' title='bbox 1174 2368 1381 2431; x_wconf 79' lang='lat' dir='ltr'>balnea,</span> <span class='ocrx_word' id='word_1_179' title='bbox 1407 2366 1547 2422; x_wconf 85' lang='lat' dir='ltr'>dicat</span> 
     </span>
     <span class='ocr_line' id='line_1_30' title="bbox 189 2435 1584 2516; baseline -0.002 -16"><span class='ocrx_word' id='word_1_180' title='bbox 189 2445 451 2501; x_wconf 83' lang='lat' dir='ltr'>nutricem</span> <span class='ocrx_word' id='word_1_181' title='bbox 471 2443 747 2509; x_wconf 82' lang='lat' dir='ltr'>Anchisae,</span> <span class='ocrx_word' id='word_1_182' title='bbox 771 2462 964 2500; x_wconf 88' lang='lat' dir='ltr'>nomen</span> <span class='ocrx_word' id='word_1_183' title='bbox 983 2445 1317 2516; x_wconf 81' lang='lat' dir='ltr'>patriamque</span> <span class='ocrx_word' id='word_1_184' title='bbox 1335 2435 1584 2497; x_wconf 70' lang='lat' dir='ltr'>novercae</span> 
     </span>
     <span class='ocr_line' id='line_1_31' title="bbox 190 2517 1796 2589; baseline -0.003 -14"><span class='ocrx_word' id='word_1_185' title='bbox 190 2517 532 2587; x_wconf 81' lang='lat' dir='ltr'>Anchemoli3</span> <span class='ocrx_word' id='word_1_186' title='bbox 573 2518 730 2584; x_wconf 86' lang='lat' dir='ltr'>dicat,</span> <span class='ocrx_word' id='word_1_187' title='bbox 753 2525 885 2589; x_wconf 88' lang='lat' dir='ltr'>quot</span> <span class='ocrx_word' id='word_1_188' title='bbox 904 2518 1115 2573; x_wconf 81' lang='lat' dir='ltr'>Acestes</span> <span class='ocrx_word' id='word_1_189' title='bbox 1136 2518 1327 2573; x_wconf 82' lang='lat' dir='ltr'>vixerit</span> <span class='ocrx_word' id='word_1_190' title='bbox 1347 2532 1533 2582; x_wconf 86' lang='lat' dir='ltr'>annos,</span> <span class='ocrx_word' id='word_1_191' title='bbox 1716 2527 1796 2571; x_wconf 83' lang='lat'>235</span> 
     </span>
     <span class='ocr_line' id='line_1_32' title="bbox 190 2592 1509 2666; baseline -0.004 -17"><span class='ocrx_word' id='word_1_192' title='bbox 190 2601 324 2666; x_wconf 88' lang='lat' dir='ltr'>quot</span> <span class='ocrx_word' id='word_1_193' title='bbox 340 2592 552 2649; x_wconf 85' lang='lat' dir='ltr'>Siculus</span> <span class='ocrx_word' id='word_1_194' title='bbox 574 2593 880 2666; x_wconf 81' lang='lat' dir='ltr'>Phrygibus</span> <span class='ocrx_word' id='word_1_195' title='bbox 904 2592 1017 2647; x_wconf 83' lang='lat' dir='ltr'>vini</span> <span class='ocrx_word' id='word_1_196' title='bbox 1034 2592 1309 2647; x_wconf 85' lang='lat' dir='ltr'>donaverit</span> <span class='ocrx_word' id='word_1_197' title='bbox 1327 2607 1509 2646; x_wconf 90' lang='lat' dir='ltr'>urnas.</span> 
     </span>
     <span class='ocr_line' id='line_1_33' title="bbox 189 2665 1449 2742; baseline -0.004 -18"><span class='ocrx_word' id='word_1_198' title='bbox 189 2669 423 2742; x_wconf 81' lang='lat' dir='ltr'>Exigite,</span> <span class='ocrx_word' id='word_1_199' title='bbox 446 2674 509 2724; x_wconf 94' lang='lat' dir='ltr'>ut</span> <span class='ocrx_word' id='word_1_200' title='bbox 530 2683 705 2722; x_wconf 80' lang='lat' dir='ltr'>mores</span> <span class='ocrx_word' id='word_1_201' title='bbox 725 2674 929 2721; x_wconf 83' lang='lat' dir='ltr'>teneros</span> <span class='ocrx_word' id='word_1_202' title='bbox 944 2682 1042 2721; x_wconf 84' lang='lat' dir='ltr'>ceu</span> <span class='ocrx_word' id='word_1_203' title='bbox 1060 2665 1251 2738; x_wconf 87' lang='lat' dir='ltr'>pollice</span> <span class='ocrx_word' id='word_1_204' title='bbox 1275 2665 1449 2730; x_wconf 81' lang='lat' dir='ltr'>ducat,</span> 
     </span>
     <span class='ocr_line' id='line_1_34' title="bbox 192 2740 1440 2823; baseline -0.004 -23"><span class='ocrx_word' id='word_1_205' title='bbox 192 2751 254 2800; x_wconf 87' lang='lat' dir='ltr'>ut</span> <span class='ocrx_word' id='word_1_206' title='bbox 277 2744 325 2800; x_wconf 86' lang='lat' dir='ltr'>si</span> <span class='ocrx_word' id='word_1_207' title='bbox 343 2743 470 2817; x_wconf 84' lang='lat' dir='ltr'>quis</span> <span class='ocrx_word' id='word_1_208' title='bbox 489 2759 604 2823; x_wconf 79' lang='lat' dir='ltr'>cera</span> <span class='ocrx_word' id='word_1_209' title='bbox 629 2740 839 2798; x_wconf 85' lang='lat' dir='ltr'>vultum</span> <span class='ocrx_word' id='word_1_210' title='bbox 862 2740 1013 2796; x_wconf 82' lang='lat' dir='ltr'>facit:</span> <span class='ocrx_word' id='word_1_211' title='bbox 1054 2740 1267 2815; x_wconf 83' lang='lat' dir='ltr'>exigite,</span> <span class='ocrx_word' id='word_1_212' title='bbox 1291 2746 1354 2798; x_wconf 87' lang='lat' dir='ltr'>ut</span> <span class='ocrx_word' id='word_1_213' title='bbox 1370 2740 1440 2795; x_wconf 85' lang='lat' dir='ltr'>sit</span> 
     </span>
    </p>
   </div>
  </div>
 </body>
</html>
