2209 3217
590 216 687 269 432
1110 220 1530 269 IUVENALIS

589 329 646 375 tu
670 319 832 373 miser
848 318 1132 386 exclamas,
1154 327 1217 376 ut
1238 320 1471 376 Stentora
1492 321 1700 375 vincere
1714 321 1909 392 possis,

587 395 669 449 vel
690 394 885 465 potius,
911 403 1174 467 quantum
1193 395 1459 452 Gradivus
1478 395 1811 451 Homericus:
1851 398 2035 463 Audis,

586 471 803 539 Iupiter,
822 473 969 534 liaeo,
987 487 1081 525 nec
1100 472 1254 526 labra
1271 487 1456 534 moves,
1480 487 1638 539 quum
1655 474 1857 525 mittero
1874 489 2048 534 vocem

477 555 556 599 115
584 548 835 599 debueras
857 547 941 599 vel
956 561 1278 599 marmoreus
1303 546 1384 598 vel
1403 541 1632 600 aeneus?
1667 553 1880 599 auteur

585 625 642 675 in
663 621 882 674 carbone
901 626 990 672 tuo
1009 621 1194 673 charta
1206 622 1303 685 pia
1329 621 1485 673 thura
1499 621 1674 673 soluta

580 698 838 763 ponimus,
864 700 914 746 et
930 700 1125 746 sectum
1143 695 1298 746 vituli
1315 697 1475 756 iecur,
1497 695 1720 761 albaque
1738 700 1892 761 porci
1911 729 1914 732 >

587 765 830 823 omenta?
874 765 941 820 Ut
960 770 1125 830 video,
1137 769 1340 819 nullum
1366 771 1646 821 discrimen
1661 769 1951 821 habendum
1970 780 2045 823 est

586 846 777 914 esfiqies
794 845 931 895 inter
946 849 1148 895 vestras
1164 849 1492 910 statuamque
1508 841 1761 908 Bathylli.

479 928 556 971 120
659 914 868 987 Accipe,
890 931 1030 985 quae
1046 921 1226 968 contra
1246 913 1415 968 valeat
1433 913 1615 969 solatia
1635 914 1784 978 ferre,

585 992 751 1063 etqui
771 1007 867 1044 nec
891 988 1135 1063 Cynicos,
1161 1005 1258 1042 nec
1276 988 1445 1043 Stoica
1461 988 1706 1061 dogmata
1731 987 1858 1063 legit

562 1084 617 1121 ‘a
637 1063 852 1139 Cynicis
871 1064 1049 1118 tunica
1067 1063 1332 1128 distantia,
1355 1080 1461 1118 non
1477 1063 1520 1118 E
1526 1064 1774 1134 plcurum

585 1139 807 1211 suspicit
828 1138 1011 1211 exigui
1031 1137 1227 1193 laetum
1246 1137 1575 1209 plantaribus
1593 1137 1750 1193 horti.

585 1214 849 1269 Curentur
866 1213 1019 1268 dubii
1039 1213 1258 1267 medicis
1281 1212 1567 1267 maioribus
1587 1230 1616 1267 a
1684 1212 1760 1281 ri;

476 1299 553 1341 125
583 1295 643 1342 tu
662 1304 854 1342 venam
872 1287 956 1343 vel
985 1286 1247 1359 discipulo
1265 1288 1532 1343 committe
1548 1230 1800 1359 Ρὶιθίῗίρρί.

584 1362 640 1416 Si
662 1359 873 1415 nullum
894 1361 949 1415 in
972 1364 1124 1415 terris
1143 1370 1252 1416 tam
1271 1361 1573 1418 detestabile
1592 1361 1790 1417 factum

583 1433 835 1497 ostendiS,
858 1441 1027 1500 tace03
1071 1451 1170 1490 nec
1186 1438 1387 1509 pugnis
1411 1437 1622 1492 caedere
1639 1444 1823 1508 pectus

584 1518 634 1565 te
657 1516 789 1571 vet0,
819 1524 914 1563 nec
932 1506 1088 1577 plana
1107 1507 1292 1563 faciem
1312 1512 1634 1570 contundere
1650 1511 1844 1584 palma,

583 1581 1020 1656 quandoquidem
1040 1590 1248 1655 accepto
1265 1582 1559 1641 claudenda
1582 1594 1662 1642 est
1687 1587 1844 1642 ianua
1862 1586 2080 1649 damno.

476 1670 555 1714 130
583 1668 634 1715 et
654 1658 848 1714 maiore
865 1657 1059 1713 domus
1077 1659 1300 1732 gemitu,
1328 1660 1522 1715 maiore
1541 1660 1774 1716 tumultu

582 1734 912 1808 planguntur
935 1734 1108 1798 numi,
1135 1752 1302 1807 quam
1321 1733 1528 1791 funera.
1586 1738 1752 1794 Nemo
1772 1734 2010 1792 dolorem

585 1810 739 1883 fingit
758 1810 813 1863 in
832 1808 933 1864 hoc
951 1826 1095 1874 casu,
1127 1817 1326 1865 vestem
1344 1809 1591 1866 diducere
1607 1826 1881 1866 summam

584 1891 876 1949 contentuS,
906 1900 1094 1938 vexare
1112 1884 1291 1939 oculos
1310 1884 1532 1939 humore
1554 1894 1748 1940 coacto.

583 1958 822 2014 Ploratur
840 1956 1090 2012 lacrumis
1111 1959 1307 2012 amissa
1329 1960 1553 2028 pecunia
1572 1959 1731 2014 veris,

476 2045 554 2088 135
583 2032 689 2090 Sed
707 2032 754 2086 si
771 2038 956 2086 cuncta
978 2031 1126 2086 vides
1145 2031 1310 2086 simili
1329 2032 1439 2086 fora
1459 2032 1614 2102 plena
1634 2031 1868 2104 querela,

584 2110 652 2174 si,
682 2106 851 2162 decies
872 2103 1016 2159 lectis
1035 2104 1244 2159 diversa
1262 2107 1320 2158 in
1341 2112 1485 2175 parte
1505 2102 1728 2167 tabellis,

585 2200 722 2239 vana
739 2178 1054 2251 supervacui
1072 2178 1257 2233 dicunt
1274 2177 1621 2251 chirographa
1643 2177 1798 2251 ligni,

585 2258 760 2332 arguit
778 2257 1014 2328 ipsorum
1033 2270 1172 2326 quos
1191 2250 1337 2308 litera
1351 2270 1670 2326 gemmaque
1685 2254 1938 2327 princeps

586 2330 972 2405 sardonychuS,
996 2328 1183 2384 loculis
1201 2345 1340 2402 quae
1357 2328 1651 2385 custoditur
1668 2329 1770 2384 ehu
1777 2331 1891 2386 rnis
1908 2352 1923 2386 ;

480 2414 557 2460 140
586 2409 706 2472 ten’,
732 2424 765 2462 o
783 2404 1022 2461 delicias!
1065 2413 1212 2461 extra
1228 2405 1532 2461 communia
1554 2421 1739 2462 censes

586 2480 911 2550 ponendum,
936 2482 1063 2552 quia
1085 2488 1143 2536 tu
1159 2480 1387 2554 gallinae
1404 2479 1549 2536 filius
1571 2479 1737 2545 albae,

587 2569 685 2607 nos
710 2552 843 2608 viles
860 2554 1016 2626 pulli,
1042 2556 1151 2611 uati
1171 2554 1471 2614 infelicibus
1489 2554 1646 2611 ovis?

586 2626 717 2677 Rem
737 2628 930 2694 pateris
951 2630 1215 2684 modicam
1233 2638 1285 2685 et
1300 2630 1551 2685 mediocri
1570 2628 1677 2685 bile
1695 2627 1993 2697 ferendam,

587 2698 632 2749 si
656 2696 827 2750 flectas
847 2701 1026 2757 oculos
1045 2706 1243 2758 maiora
1268 2705 1338 2759 ad
1354 2705 1596 2764 crimina.
1656 2700 1845 2760 Confer
