<?xml version="1.0" encoding="UTF-8"?>
<!DOCTYPE html PUBLIC "-//W3C//DTD XHTML 1.0 Transitional//EN"
    "http://www.w3.org/TR/xhtml1/DTD/xhtml1-transitional.dtd">
<html xmlns="http://www.w3.org/1999/xhtml" xml:lang="en" lang="en">
 <head>
  <title>
</title>
<meta http-equiv="Content-Type" content="text/html;charset=utf-8" />
  <meta name='ocr-system' content='tesseract 3.04.00' />
  <meta name='ocr-capabilities' content='ocr_page ocr_carea ocr_par ocr_line ocrx_word'/>
</head>
<body>
  <div class='ocr_page' id='page_1' title='image "apersiiflacciet02weisgoog_0135.png"; bbox 0 0 2209 3217; ppageno 0'>
   <div class='ocr_carea' id='block_1_1' title="bbox 719 268 1669 324">
    <p class='ocr_par' dir='ltr' id='par_1_1' title="bbox 719 268 1669 324">
     <span class='ocr_line' id='line_1_1' title="bbox 719 268 1669 324; baseline 0.013 -12"><span class='ocrx_word' id='word_1_1' title='bbox 719 268 1008 316; x_wconf 66' lang='lat' dir='ltr'><strong>sATIRA</strong></span> <span class='ocrx_word' id='word_1_2' title='bbox 1050 271 1146 317; x_wconf 66' lang='grc' dir='ltr'><strong>Π.</strong></span> <span class='ocrx_word' id='word_1_3' title='bbox 1572 269 1669 324; x_wconf 68' lang='grc'><strong>423</strong></span> 
     </span>
    </p>
   </div>
   <div class='ocr_carea' id='block_1_2' title="bbox 40 364 1776 2598">
    <p class='ocr_par' dir='ltr' id='par_1_2' title="bbox 172 364 1776 871">
     <span class='ocr_line' id='line_1_2' title="bbox 174 364 1570 438; baseline 0.006 -16"><span class='ocrx_word' id='word_1_4' title='bbox 174 366 374 422; x_wconf 77' lang='lat' dir='ltr'><strong>fornice</strong></span> <span class='ocrx_word' id='word_1_5' title='bbox 392 364 722 437; x_wconf 79' lang='lat' dir='ltr'><strong>mancipium</strong></span> <span class='ocrx_word' id='word_1_6' title='bbox 738 366 942 438; x_wconf 83' lang='lat' dir='ltr'><strong>quibus</strong></span> <span class='ocrx_word' id='word_1_7' title='bbox 964 368 1215 437; x_wconf 82' lang='lat' dir='ltr'><strong>abstinet3</strong></span> <span class='ocrx_word' id='word_1_8' title='bbox 1256 370 1346 425; x_wconf 88' lang='lat' dir='ltr'><strong>ille</strong></span> <span class='ocrx_word' id='word_1_9' title='bbox 1364 370 1570 431; x_wconf 79' lang='lat' dir='ltr'><strong>fruatur</strong></span> 
     </span>
     <span class='ocr_line' id='line_1_3' title="bbox 172 439 1359 514; baseline 0.002 -17"><span class='ocrx_word' id='word_1_10' title='bbox 172 442 397 497; x_wconf 83' lang='lat' dir='ltr'><strong>vocibus</strong></span> <span class='ocrx_word' id='word_1_11' title='bbox 417 439 691 496; x_wconf 85' lang='lat' dir='ltr'><strong>obscoenis</strong></span> <span class='ocrx_word' id='word_1_12' title='bbox 706 441 961 514; x_wconf 88' lang='lat' dir='ltr'><strong>omnique</strong></span> <span class='ocrx_word' id='word_1_13' title='bbox 977 441 1216 499; x_wconf 84' lang='lat' dir='ltr'><strong>libidinis</strong></span> <span class='ocrx_word' id='word_1_14' title='bbox 1234 452 1359 510; x_wconf 87' lang='lat' dir='ltr'><strong>arte,</strong></span> 
     </span>
     <span class='ocr_line' id='line_1_4' title="bbox 173 512 1537 590; baseline 0.004 -19"><span class='ocrx_word' id='word_1_15' title='bbox 173 517 270 589; x_wconf 89' lang='lat' dir='ltr'><strong>qui</strong></span> <span class='ocrx_word' id='word_1_16' title='bbox 289 512 766 572; x_wconf 86' lang='lat' dir='ltr'><strong>Lacedaemonium</strong></span> <span class='ocrx_word' id='word_1_17' title='bbox 783 517 1066 590; x_wconf 78' lang='lat' dir='ltr'><strong>pytismate</strong></span> <span class='ocrx_word' id='word_1_18' title='bbox 1088 516 1313 573; x_wconf 84' lang='lat' dir='ltr'><strong>lubricat</strong></span> <span class='ocrx_word' id='word_1_19' title='bbox 1331 513 1537 578; x_wconf 89' lang='lat' dir='ltr'><strong>orbem:</strong></span> 
     </span>
     <span class='ocr_line' id='line_1_5' title="bbox 173 589 1628 667; baseline 0.003 -21"><span class='ocrx_word' id='word_1_20' title='bbox 173 607 409 662; x_wconf 86' lang='lat' dir='ltr'><strong>namque</strong></span> <span class='ocrx_word' id='word_1_21' title='bbox 427 589 504 644; x_wconf 91' lang='lat' dir='ltr'><strong>ibi</strong></span> <span class='ocrx_word' id='word_1_22' title='bbox 522 590 784 648; x_wconf 78' lang='lat' dir='ltr'><strong>Fortunae</strong></span> <span class='ocrx_word' id='word_1_23' title='bbox 805 592 1010 650; x_wconf 80' lang='lat' dir='ltr'><strong>veniam</strong></span> <span class='ocrx_word' id='word_1_24' title='bbox 1029 592 1241 648; x_wconf 84' lang='lat' dir='ltr'><strong>damus.</strong></span> <span class='ocrx_word' id='word_1_25' title='bbox 1296 593 1422 649; x_wconf 87' lang='lat' dir='ltr'><strong>Alea</strong></span> <span class='ocrx_word' id='word_1_26' title='bbox 1441 599 1628 667; x_wconf 87' lang='lat' dir='ltr'><strong>turpis,</strong></span> 
     </span>
     <span class='ocr_line' id='line_1_6' title="bbox 172 662 1776 737; baseline 0.004 -17"><span class='ocrx_word' id='word_1_27' title='bbox 172 674 330 737; x_wconf 80' lang='lat' dir='ltr'>turpe</span> <span class='ocrx_word' id='word_1_28' title='bbox 344 671 396 719; x_wconf 89' lang='lat' dir='ltr'><strong>et</strong></span> <span class='ocrx_word' id='word_1_29' title='bbox 413 662 731 722; x_wconf 77' lang='lat' dir='ltr'><strong>adulterium</strong></span> <span class='ocrx_word' id='word_1_30' title='bbox 748 666 1127 724; x_wconf 78' lang='lat' dir='ltr'>mediocribus.</span> <span class='ocrx_word' id='word_1_31' title='bbox 1185 669 1323 724; x_wconf 87' lang='lat' dir='ltr'><strong>Haec</strong></span> <span class='ocrx_word' id='word_1_32' title='bbox 1339 667 1521 725; x_wconf 80' lang='lat' dir='ltr'><strong>e&#39;adem</strong></span> <span class='ocrx_word' id='word_1_33' title='bbox 1542 670 1619 726; x_wconf 92' lang='lat' dir='ltr'><strong>illi</strong></span> <span class='ocrx_word' id='word_1_34' title='bbox 1699 683 1776 727; x_wconf 77' lang='grc'><strong>175</strong></span> 
     </span>
     <span class='ocr_line' id='line_1_7' title="bbox 172 737 1566 871; baseline 0.005 -78"><span class='ocrx_word' id='word_1_35' title='bbox 172 739 366 870; x_wconf 50' lang='grc' dir='ltr'><strong>οΝωιιιῖἶ</strong></span> <span class='ocrx_word' id='word_1_36' title='bbox 374 754 546 867; x_wconf 42' lang='grc' dir='ltr'><strong>(ἔξω</strong></span> <span class='ocrx_word' id='word_1_37' title='bbox 569 737 996 869; x_wconf 45' lang='lat' dir='ltr'><strong>tfatiiantfulsslares</strong></span> <span class='ocrx_word' id='word_1_38' title='bbox 1016 742 1284 871; x_wconf 55' lang='lat' dir='ltr'><strong>nitidique¹</strong></span> <span class='ocrx_word' id='word_1_39' title='bbox 1297 751 1566 800; x_wconf 87' lang='lat' dir='ltr'><strong>vocantur.</strong></span> 
     </span>
    </p>

    <p class='ocr_par' dir='ltr' id='par_1_3' title="bbox 171 829 1775 1112">
     <span class='ocr_line' id='line_1_8' title="bbox 221 829 1373 873; baseline 0.005 -6"><span class='ocrx_word' id='word_1_40' title='bbox 221 830 282 868; x_wconf 91' lang='lat' dir='ltr'><strong>os</strong></span> <span class='ocrx_word' id='word_1_41' title='bbox 491 829 563 867; x_wconf 89' lang='lat' dir='ltr'><strong>un</strong></span> <span class='ocrx_word' id='word_1_42' title='bbox 604 831 633 868; x_wconf 92' lang='lat' dir='ltr'><strong>a</strong></span> <span class='ocrx_word' id='word_1_43' title='bbox 657 830 735 867; x_wconf 91' lang='lat' dir='ltr'><strong>1os</strong></span> <span class='ocrx_word' id='word_1_44' title='bbox 864 832 911 869; x_wconf 70' lang='lat' dir='ltr'><strong>ne</strong></span> <span class='ocrx_word' id='word_1_45' title='bbox 929 831 1172 873; x_wconf 74' lang='lat' dir='ltr'><strong>convivia</strong></span> <span class='ocrx_word' id='word_1_46' title='bbox 1211 834 1246 873; x_wconf 91' lang='lat' dir='ltr'><strong>u</strong></span> <span class='ocrx_word' id='word_1_47' title='bbox 1286 834 1373 873; x_wconf 85' lang='lat' dir='ltr'><strong>os:</strong></span> 
     </span>
     <span class='ocr_line' id='line_1_9' title="bbox 171 885 1384 961; baseline 0.002 -18"><span class='ocrx_word' id='word_1_48' title='bbox 171 886 411 943; x_wconf 88' lang='lat' dir='ltr'><strong>conditor</strong></span> <span class='ocrx_word' id='word_1_49' title='bbox 427 885 617 942; x_wconf 87' lang='lat' dir='ltr'><strong>Iliados</strong></span> <span class='ocrx_word' id='word_1_50' title='bbox 640 887 953 954; x_wconf 87' lang='lat' dir='ltr'><strong>cantabitur,</strong></span> <span class='ocrx_word' id='word_1_51' title='bbox 977 897 1137 961; x_wconf 85' lang='lat' dir='ltr'><strong>atque</strong></span> <span class='ocrx_word' id='word_1_52' title='bbox 1152 891 1384 948; x_wconf 83' lang='lat' dir='ltr'><strong>Maronis</strong></span> 
     </span>
     <span class='ocr_line' id='line_1_10' title="bbox 173 960 1412 1035; baseline 0.002 -18"><span class='ocrx_word' id='word_1_53' title='bbox 173 961 388 1017; x_wconf 88' lang='lat' dir='ltr'><strong>altisoni</strong></span> <span class='ocrx_word' id='word_1_54' title='bbox 404 960 623 1016; x_wconf 87' lang='lat' dir='ltr'><strong>dubiam</strong></span> <span class='ocrx_word' id='word_1_55' title='bbox 643 960 882 1017; x_wconf 79' lang='lat' dir='ltr'><strong>facientia</strong></span> <span class='ocrx_word' id='word_1_56' title='bbox 906 964 1139 1019; x_wconf 89' lang='lat' dir='ltr'><strong>carmina</strong></span> <span class='ocrx_word' id='word_1_57' title='bbox 1158 965 1412 1035; x_wconf 85' lang='lat' dir='ltr'><strong>palmam.</strong></span> 
     </span>
     <span class='ocr_line' id='line_1_11' title="bbox 171 1034 1775 1112; baseline 0.004 -22"><span class='ocrx_word' id='word_1_58' title='bbox 171 1036 318 1104; x_wconf 84' lang='lat' dir='ltr'><strong>Quid</strong></span> <span class='ocrx_word' id='word_1_59' title='bbox 336 1034 506 1101; x_wconf 76' lang='lat' dir='ltr'><strong>refert,</strong></span> <span class='ocrx_word' id='word_1_60' title='bbox 527 1034 657 1090; x_wconf 88' lang='lat' dir='ltr'><strong>tales</strong></span> <span class='ocrx_word' id='word_1_61' title='bbox 677 1053 864 1092; x_wconf 85' lang='lat' dir='ltr'><strong>versus</strong></span> <span class='ocrx_word' id='word_1_62' title='bbox 881 1054 987 1110; x_wconf 90' lang='lat' dir='ltr'><strong>qua</strong></span> <span class='ocrx_word' id='word_1_63' title='bbox 1006 1054 1135 1094; x_wconf 87' lang='lat' dir='ltr'><strong>voce</strong></span> <span class='ocrx_word' id='word_1_64' title='bbox 1152 1038 1428 1112; x_wconf 77' lang='lat' dir='ltr'><strong>legantur?</strong></span> <span class='ocrx_word' id='word_1_65' title='bbox 1697 1051 1775 1096; x_wconf 80' lang='lat'><strong>180</strong></span> 
     </span>
    </p>

    <p class='ocr_par' dir='ltr' id='par_1_4' title="bbox 164 1109 1773 1853">
     <span class='ocr_line' id='line_1_12' title="bbox 244 1109 1308 1186; baseline 0 -19"><span class='ocrx_word' id='word_1_66' title='bbox 244 1109 353 1167; x_wconf 86' lang='lat' dir='ltr'><strong>Sed</strong></span> <span class='ocrx_word' id='word_1_67' title='bbox 370 1127 515 1168; x_wconf 89' lang='lat' dir='ltr'><strong>nunc</strong></span> <span class='ocrx_word' id='word_1_68' title='bbox 531 1109 707 1168; x_wconf 85' lang='lat' dir='ltr'><strong>dilatis</strong></span> <span class='ocrx_word' id='word_1_69' title='bbox 727 1118 901 1168; x_wconf 86' lang='lat' dir='ltr'><strong>averte</strong></span> <span class='ocrx_word' id='word_1_70' title='bbox 921 1113 1128 1186; x_wconf 80' lang='lat' dir='ltr'><strong>negotia</strong></span> <span class='ocrx_word' id='word_1_71' title='bbox 1145 1114 1308 1179; x_wconf 83' lang='lat' dir='ltr'><strong>curis,</strong></span> 
     </span>
     <span class='ocr_line' id='line_1_13' title="bbox 171 1185 1427 1259; baseline 0.002 -18"><span class='ocrx_word' id='word_1_72' title='bbox 171 1193 223 1241; x_wconf 89' lang='lat' dir='ltr'><strong>et</strong></span> <span class='ocrx_word' id='word_1_73' title='bbox 239 1191 447 1259; x_wconf 84' lang='lat' dir='ltr'><strong>gratam</strong></span> <span class='ocrx_word' id='word_1_74' title='bbox 464 1185 705 1257; x_wconf 77' lang='lat' dir='ltr'><strong>requiem</strong></span> <span class='ocrx_word' id='word_1_75' title='bbox 721 1185 860 1242; x_wconf 86' lang='lat' dir='ltr'><strong>dona</strong></span> <span class='ocrx_word' id='word_1_76' title='bbox 879 1186 995 1252; x_wconf 82' lang='lat' dir='ltr'><strong>tihi,</strong></span> <span class='ocrx_word' id='word_1_77' title='bbox 1017 1186 1234 1259; x_wconf 88' lang='lat' dir='ltr'><strong>quando</strong></span> <span class='ocrx_word' id='word_1_78' title='bbox 1250 1186 1427 1244; x_wconf 80' lang='lat' dir='ltr'><strong>licebit</strong></span> 
     </span>
     <span class='ocr_line' id='line_1_14' title="bbox 168 1258 1363 1333; baseline 0.002 -18"><span class='ocrx_word' id='word_1_79' title='bbox 168 1277 266 1333; x_wconf 85' lang='lat' dir='ltr'><strong>per</strong></span> <span class='ocrx_word' id='word_1_80' title='bbox 283 1266 445 1316; x_wconf 87' lang='lat' dir='ltr'><strong>totam</strong></span> <span class='ocrx_word' id='word_1_81' title='bbox 463 1276 667 1314; x_wconf 87' lang='lat' dir='ltr'><strong>cessare</strong></span> <span class='ocrx_word' id='word_1_82' title='bbox 682 1258 841 1315; x_wconf 89' lang='lat' dir='ltr'><strong>diem.</strong></span> <span class='ocrx_word' id='word_1_83' title='bbox 896 1261 1016 1315; x_wconf 91' lang='lat' dir='ltr'><strong>Non</strong></span> <span class='ocrx_word' id='word_1_84' title='bbox 1034 1260 1230 1316; x_wconf 79' lang='lat' dir='ltr'><strong>fenoris</strong></span> <span class='ocrx_word' id='word_1_85' title='bbox 1253 1260 1363 1317; x_wconf 86' lang='lat' dir='ltr'><strong>ulla</strong></span> 
     </span>
     <span class='ocr_line' id='line_1_15' title="bbox 170 1333 1373 1408; baseline 0.002 -18"><span class='ocrx_word' id='word_1_86' title='bbox 170 1335 388 1400; x_wconf 88' lang='lat' dir='ltr'><strong>mentio,</strong></span> <span class='ocrx_word' id='word_1_87' title='bbox 412 1350 525 1400; x_wconf 83' lang='lat' dir='ltr'><strong>nec,</strong></span> <span class='ocrx_word' id='word_1_88' title='bbox 546 1333 717 1406; x_wconf 87' lang='lat' dir='ltr'><strong>prima</strong></span> <span class='ocrx_word' id='word_1_89' title='bbox 736 1334 785 1389; x_wconf 84' lang='lat' dir='ltr'><strong>si</strong></span> <span class='ocrx_word' id='word_1_90' title='bbox 804 1333 920 1389; x_wconf 87' lang='lat' dir='ltr'><strong>luce</strong></span> <span class='ocrx_word' id='word_1_91' title='bbox 937 1352 1163 1408; x_wconf 82' lang='lat' dir='ltr'><strong>egressa,</strong></span> <span class='ocrx_word' id='word_1_92' title='bbox 1184 1337 1373 1396; x_wconf 82' lang='lat' dir='ltr'><strong>reverti</strong></span> 
     </span>
     <span class='ocr_line' id='line_1_16' title="bbox 169 1407 1772 1478; baseline 0.002 -13"><span class='ocrx_word' id='word_1_93' title='bbox 169 1416 323 1465; x_wconf 87' lang='lat' dir='ltr'><strong>nocte</strong></span> <span class='ocrx_word' id='word_1_94' title='bbox 338 1407 487 1474; x_wconf 88' lang='lat' dir='ltr'><strong>solet,</strong></span> <span class='ocrx_word' id='word_1_95' title='bbox 509 1408 664 1464; x_wconf 89' lang='lat' dir='ltr'><strong>tacito</strong></span> <span class='ocrx_word' id='word_1_96' title='bbox 679 1407 844 1464; x_wconf 89' lang='lat' dir='ltr'><strong>bilem</strong></span> <span class='ocrx_word' id='word_1_97' title='bbox 871 1409 969 1465; x_wconf 91' lang='lat' dir='ltr'><strong>tibi</strong></span> <span class='ocrx_word' id='word_1_98' title='bbox 986 1410 1258 1467; x_wconf 84' lang='lat' dir='ltr'><strong>contrahat</strong></span> <span class='ocrx_word' id='word_1_99' title='bbox 1274 1428 1427 1478; x_wconf 85' lang='lat' dir='ltr'><strong>uxor,</strong></span> <span class='ocrx_word' id='word_1_100' title='bbox 1694 1425 1772 1468; x_wconf 78' lang='lat'><strong>185</strong></span> 
     </span>
     <span class='ocr_line' id='line_1_17' title="bbox 168 1481 1357 1561; baseline 0.003 -22"><span class='ocrx_word' id='word_1_101' title='bbox 168 1482 393 1539; x_wconf 88' lang='lat' dir='ltr'><strong>humida</strong></span> <span class='ocrx_word' id='word_1_102' title='bbox 416 1483 674 1557; x_wconf 76' lang='lat' dir='ltr'><strong>suspectis</strong></span> <span class='ocrx_word' id='word_1_103' title='bbox 689 1481 917 1541; x_wconf 84' lang='lat' dir='ltr'><strong>referens</strong></span> <span class='ocrx_word' id='word_1_104' title='bbox 934 1485 1171 1542; x_wconf 88' lang='lat' dir='ltr'><strong>multicia</strong></span> <span class='ocrx_word' id='word_1_105' title='bbox 1188 1488 1357 1561; x_wconf 82' lang='lat' dir='ltr'><strong>rugis,</strong></span> 
     </span>
     <span class='ocr_line' id='line_1_18' title="bbox 170 1560 1609 1635; baseline 0.002 -20"><span class='ocrx_word' id='word_1_106' title='bbox 170 1565 495 1630; x_wconf 85' lang='lat' dir='ltr'><strong>vexatasque</strong></span> <span class='ocrx_word' id='word_1_107' title='bbox 508 1575 704 1625; x_wconf 82' lang='lat' dir='ltr'><strong>comas,</strong></span> <span class='ocrx_word' id='word_1_108' title='bbox 731 1567 783 1616; x_wconf 88' lang='lat' dir='ltr'><strong>et</strong></span> <span class='ocrx_word' id='word_1_109' title='bbox 801 1560 1010 1618; x_wconf 80' lang='lat' dir='ltr'><strong>vultum</strong></span> <span class='ocrx_word' id='word_1_110' title='bbox 1035 1579 1325 1635; x_wconf 81' lang='lat' dir='ltr'><strong>auremque</strong></span> <span class='ocrx_word' id='word_1_111' title='bbox 1341 1560 1609 1635; x_wconf 74' lang='lat' dir='ltr'><strong>calentem.</strong></span> 
     </span>
     <span class='ocr_line' id='line_1_19' title="bbox 168 1635 1617 1707; baseline 0.001 -18"><span class='ocrx_word' id='word_1_112' title='bbox 168 1635 425 1690; x_wconf 85' lang='lat' dir='ltr'><strong>Protenus</strong></span> <span class='ocrx_word' id='word_1_113' title='bbox 443 1640 565 1690; x_wconf 90' lang='lat' dir='ltr'><strong>ante</strong></span> <span class='ocrx_word' id='word_1_114' title='bbox 579 1651 781 1701; x_wconf 84' lang='lat' dir='ltr'><strong>meum,</strong></span> <span class='ocrx_word' id='word_1_115' title='bbox 805 1635 1071 1707; x_wconf 84' lang='lat' dir='ltr'><strong>quidquid</strong></span> <span class='ocrx_word' id='word_1_116' title='bbox 1088 1636 1247 1702; x_wconf 84' lang='lat' dir='ltr'><strong>dolet,</strong></span> <span class='ocrx_word' id='word_1_117' title='bbox 1270 1653 1406 1692; x_wconf 83' lang='lat' dir='ltr'><strong>exue</strong></span> <span class='ocrx_word' id='word_1_118' title='bbox 1424 1635 1617 1693; x_wconf 84' lang='lat' dir='ltr'><strong>limen:</strong></span> 
     </span>
     <span class='ocr_line' id='line_1_20' title="bbox 164 1706 1587 1781; baseline 0.001 -18"><span class='ocrx_word' id='word_1_119' title='bbox 164 1724 306 1781; x_wconf 84' lang='lat' dir='ltr'><strong>pone</strong></span> <span class='ocrx_word' id='word_1_120' title='bbox 325 1706 564 1772; x_wconf 83' lang='lat' dir='ltr'><strong>domum,</strong></span> <span class='ocrx_word' id='word_1_121' title='bbox 593 1724 791 1776; x_wconf 70' lang='lat' dir='ltr'><strong>servos,</strong></span> <span class='ocrx_word' id='word_1_122' title='bbox 814 1715 865 1763; x_wconf 89' lang='lat' dir='ltr'><strong>et</strong></span> <span class='ocrx_word' id='word_1_123' title='bbox 883 1709 1151 1780; x_wconf 84' lang='lat' dir='ltr'><strong>quidquid</strong></span> <span class='ocrx_word' id='word_1_124' title='bbox 1168 1709 1282 1763; x_wconf 80' lang='lat' dir='ltr'><strong>fran</strong></span> <span class='ocrx_word' id='word_1_125' title='bbox 1322 1710 1428 1764; x_wconf 88' lang='lat' dir='ltr'><strong>itur</strong></span> <span class='ocrx_word' id='word_1_126' title='bbox 1446 1708 1555 1765; x_wconf 84' lang='lat' dir='ltr'><strong>illie</strong></span> <span class='ocrx_word' id='word_1_127' title='bbox 1580 1731 1587 1738; x_wconf 90' lang='lat'><em>·</em></span> 
     </span>
     <span class='ocr_line' id='line_1_21' title="bbox 167 1780 1773 1853; baseline -0.001 -16"><span class='ocrx_word' id='word_1_128' title='bbox 167 1787 259 1837; x_wconf 80' lang='lat' dir='ltr'><strong>aut</strong></span> <span class='ocrx_word' id='word_1_129' title='bbox 276 1781 440 1853; x_wconf 82' lang='lat' dir='ltr'><strong>perit3</strong></span> <span class='ocrx_word' id='word_1_130' title='bbox 484 1780 718 1851; x_wconf 79' lang='lat' dir='ltr'><strong>ingratos</strong></span> <span class='ocrx_word' id='word_1_131' title='bbox 738 1787 856 1835; x_wconf 88' lang='lat' dir='ltr'><strong>ante</strong></span> <span class='ocrx_word' id='word_1_132' title='bbox 871 1781 1052 1836; x_wconf 87' lang='lat' dir='ltr'><strong>omnia</strong></span> <span class='ocrx_word' id='word_1_133' title='bbox 1070 1797 1208 1851; x_wconf 84' lang='lat' dir='ltr'><strong>pone</strong></span> <span class='ocrx_word' id='word_1_134' title='bbox 1354 1780 1446 1838; x_wconf 84' lang='lat' dir='ltr'><strong>les.</strong></span> <span class='ocrx_word' id='word_1_135' title='bbox 1694 1793 1773 1836; x_wconf 72' lang='lat' dir='ltr'><strong>teo</strong></span> 
     </span>
    </p>

    <p class='ocr_par' dir='ltr' id='par_1_5' title="bbox 238 1850 1391 1925">
     <span class='ocr_line' id='line_1_22' title="bbox 238 1850 1391 1925; baseline -0.002 -14"><span class='ocrx_word' id='word_1_136' title='bbox 238 1857 449 1911; x_wconf 79' lang='lat' dir='ltr'><strong>Interea</strong></span> <span class='ocrx_word' id='word_1_137' title='bbox 465 1850 833 1925; x_wconf 73' lang='lat' dir='ltr'><strong>Megalesiacae</strong></span> <span class='ocrx_word' id='word_1_138' title='bbox 850 1853 1145 1924; x_wconf 86' lang='lat' dir='ltr'><strong>spectacula</strong></span> <span class='ocrx_word' id='word_1_139' title='bbox 1170 1870 1391 1925; x_wconf 79' lang='lat' dir='ltr'><strong>mappae</strong></span> 
     </span>
    </p>

    <p class='ocr_par' dir='ltr' id='par_1_6' title="bbox 162 1923 1446 2000">
     <span class='ocr_line' id='line_1_23' title="bbox 162 1923 1446 2000; baseline -0.002 -13"><span class='ocrx_word' id='word_1_140' title='bbox 162 1931 386 1987; x_wconf 88' lang='lat' dir='ltr'><strong>Idaeum</strong></span> <span class='ocrx_word' id='word_1_141' title='bbox 406 1923 623 1981; x_wconf 82' lang='lat' dir='ltr'><strong>solenne</strong></span> <span class='ocrx_word' id='word_1_142' title='bbox 638 1924 834 1992; x_wconf 78' lang='lat' dir='ltr'><strong>colunt,</strong></span> <span class='ocrx_word' id='word_1_143' title='bbox 858 1927 1160 2000; x_wconf 84' lang='lat' dir='ltr'><strong>similisque</strong></span> <span class='ocrx_word' id='word_1_144' title='bbox 1174 1928 1446 2000; x_wconf 67' lang='lat' dir='ltr'><strong>triumpho</strong></span> 
     </span>
    </p>

    <p class='ocr_par' dir='ltr' id='par_1_7' title="bbox 40 1999 1771 2598">
     <span class='ocr_line' id='line_1_24' title="bbox 40 1999 1526 2079; baseline 0.005 -27"><span class='ocrx_word' id='word_1_145' title='bbox 40 2003 41 2052; x_wconf 45' lang='grc' dir='ltr'><em>ζ</em></span> <span class='ocrx_word' id='word_1_146' title='bbox 164 2004 361 2078; x_wconf 85' lang='lat' dir='ltr'><strong>praeda</strong></span> <span class='ocrx_word' id='word_1_147' title='bbox 382 1999 706 2058; x_wconf 76' lang='lat' dir='ltr'><strong>caballorum</strong></span> <span class='ocrx_word' id='word_1_148' title='bbox 727 2002 932 2057; x_wconf 81' lang='lat' dir='ltr'><strong>Praetor</strong></span> <span class='ocrx_word' id='word_1_149' title='bbox 949 2002 1113 2068; x_wconf 80' lang='lat' dir='ltr'><strong>sedet,</strong></span> <span class='ocrx_word' id='word_1_150' title='bbox 1137 2019 1213 2068; x_wconf 78' lang='lat' dir='ltr'><strong>ac,</strong></span> <span class='ocrx_word' id='word_1_151' title='bbox 1239 2004 1374 2060; x_wconf 87' lang='lat' dir='ltr'><strong>mihi</strong></span> <span class='ocrx_word' id='word_1_152' title='bbox 1397 2018 1526 2079; x_wconf 79' lang='lat' dir='ltr'><strong>pace</strong></span> 
     </span>
     <span class='ocr_line' id='line_1_25' title="bbox 164 2076 1375 2151; baseline -0.001 -16"><span class='ocrx_word' id='word_1_153' title='bbox 164 2081 459 2135; x_wconf 85' lang='lat' dir='ltr'><strong>immensae</strong></span> <span class='ocrx_word' id='word_1_154' title='bbox 477 2076 779 2149; x_wconf 88' lang='lat' dir='ltr'><strong>nimiaeque</strong></span> <span class='ocrx_word' id='word_1_155' title='bbox 796 2077 915 2136; x_wconf 89' lang='lat' dir='ltr'><strong>licet</strong></span> <span class='ocrx_word' id='word_1_156' title='bbox 929 2076 977 2132; x_wconf 89' lang='lat' dir='ltr'><strong>si</strong></span> <span class='ocrx_word' id='word_1_157' title='bbox 995 2076 1167 2134; x_wconf 87' lang='lat' dir='ltr'><strong>dicere</strong></span> <span class='ocrx_word' id='word_1_158' title='bbox 1185 2077 1375 2151; x_wconf 88' lang='lat' dir='ltr'><strong>plebis,</strong></span> 
     </span>
     <span class='ocr_line' id='line_1_26' title="bbox 164 2151 1771 2228; baseline -0.001 -19"><span class='ocrx_word' id='word_1_159' title='bbox 164 2161 329 2209; x_wconf 86' lang='lat' dir='ltr'><strong>totam</strong></span> <span class='ocrx_word' id='word_1_160' title='bbox 346 2152 504 2207; x_wconf 89' lang='lat' dir='ltr'><strong>hodie</strong></span> <span class='ocrx_word' id='word_1_161' title='bbox 520 2151 745 2208; x_wconf 87' lang='lat' dir='ltr'><strong>Romam</strong></span> <span class='ocrx_word' id='word_1_162' title='bbox 768 2152 939 2210; x_wconf 87' lang='lat' dir='ltr'><strong>circus</strong></span> <span class='ocrx_word' id='word_1_163' title='bbox 961 2153 1120 2224; x_wconf 85' lang='lat' dir='ltr'><strong>capit,</strong></span> <span class='ocrx_word' id='word_1_164' title='bbox 1149 2161 1201 2212; x_wconf 88' lang='lat' dir='ltr'><strong>et</strong></span> <span class='ocrx_word' id='word_1_165' title='bbox 1218 2152 1393 2228; x_wconf 76' lang='lat' dir='ltr'><strong>fragor</strong></span> <span class='ocrx_word' id='word_1_166' title='bbox 1408 2169 1592 2212; x_wconf 82' lang='lat' dir='ltr'><strong>aurem</strong></span> <span class='ocrx_word' id='word_1_167' title='bbox 1693 2163 1771 2208; x_wconf 76' lang='grc'><strong>195</strong></span> 
     </span>
     <span class='ocr_line' id='line_1_27' title="bbox 164 2227 1422 2304; baseline 0.002 -21"><span class='ocrx_word' id='word_1_168' title='bbox 164 2227 409 2301; x_wconf 86' lang='lat' dir='ltr'><strong>percutit,</strong></span> <span class='ocrx_word' id='word_1_169' title='bbox 431 2234 680 2284; x_wconf 82' lang='lat' dir='ltr'><strong>eventum</strong></span> <span class='ocrx_word' id='word_1_170' title='bbox 697 2227 887 2284; x_wconf 86' lang='lat' dir='ltr'><strong>viridis</strong></span> <span class='ocrx_word' id='word_1_171' title='bbox 903 2245 1012 2301; x_wconf 90' lang='lat' dir='ltr'><strong>quo</strong></span> <span class='ocrx_word' id='word_1_172' title='bbox 1028 2227 1219 2304; x_wconf 77' lang='lat' dir='ltr'><strong>colligo</strong></span> <span class='ocrx_word' id='word_1_173' title='bbox 1235 2229 1422 2301; x_wconf 85' lang='lat' dir='ltr'><strong>panni.</strong></span> 
     </span>
     <span class='ocr_line' id='line_1_28' title="bbox 165 2301 1546 2375; baseline 0.001 -19"><span class='ocrx_word' id='word_1_174' title='bbox 165 2305 303 2358; x_wconf 88' lang='lat' dir='ltr'><strong>Nam</strong></span> <span class='ocrx_word' id='word_1_175' title='bbox 323 2302 370 2355; x_wconf 87' lang='lat' dir='ltr'><strong>si</strong></span> <span class='ocrx_word' id='word_1_176' title='bbox 388 2301 645 2368; x_wconf 86' lang='lat' dir='ltr'><strong>deficeret,</strong></span> <span class='ocrx_word' id='word_1_177' title='bbox 667 2311 923 2360; x_wconf 86' lang='lat' dir='ltr'><strong>moestam</strong></span> <span class='ocrx_word' id='word_1_178' title='bbox 940 2305 1321 2375; x_wconf 80' lang='lat' dir='ltr'><strong>attonitamque</strong></span> <span class='ocrx_word' id='word_1_179' title='bbox 1340 2301 1546 2360; x_wconf 80' lang='lat' dir='ltr'><strong>videres</strong></span> 
     </span>
     <span class='ocr_line' id='line_1_29' title="bbox 165 2375 1453 2450; baseline -0.002 -17"><span class='ocrx_word' id='word_1_180' title='bbox 165 2377 307 2433; x_wconf 88' lang='lat' dir='ltr'><strong>banc</strong></span> <span class='ocrx_word' id='word_1_181' title='bbox 323 2375 532 2443; x_wconf 86' lang='lat' dir='ltr'><strong>urbem,</strong></span> <span class='ocrx_word' id='word_1_182' title='bbox 555 2376 719 2432; x_wconf 85' lang='lat' dir='ltr'><strong>veluti</strong></span> <span class='ocrx_word' id='word_1_183' title='bbox 738 2377 1043 2436; x_wconf 87' lang='lat' dir='ltr'><strong>Cannarum</strong></span> <span class='ocrx_word' id='word_1_184' title='bbox 1061 2377 1282 2450; x_wconf 84' lang='lat' dir='ltr'><strong>pulvere</strong></span> <span class='ocrx_word' id='word_1_185' title='bbox 1300 2376 1453 2432; x_wconf 70' lang='lat' dir='ltr'><strong>victis</strong></span> 
     </span>
     <span class='ocr_line' id='line_1_30' title="bbox 165 2448 1662 2524; baseline 0.001 -16"><span class='ocrx_word' id='word_1_186' title='bbox 165 2450 492 2508; x_wconf 82' lang='lat' dir='ltr'><strong>oonsulibus.</strong></span> <span class='ocrx_word' id='word_1_187' title='bbox 540 2450 781 2523; x_wconf 81' lang='lat' dir='ltr'><strong>spectent</strong></span> <span class='ocrx_word' id='word_1_188' title='bbox 800 2452 1034 2517; x_wconf 81' lang='lat' dir='ltr'><strong>iuvenes,</strong></span> <span class='ocrx_word' id='word_1_189' title='bbox 1047 2469 1186 2524; x_wconf 77' lang='lat' dir='ltr'><strong>quos</strong></span> <span class='ocrx_word' id='word_1_190' title='bbox 1204 2449 1401 2507; x_wconf 84' lang='lat' dir='ltr'><strong>clamor</strong></span> <span class='ocrx_word' id='word_1_191' title='bbox 1418 2456 1469 2508; x_wconf 87' lang='lat' dir='ltr'><strong>et</strong></span> <span class='ocrx_word' id='word_1_192' title='bbox 1486 2448 1662 2510; x_wconf 80' lang='lat' dir='ltr'><strong>audax</strong></span> 
     </span>
     <span class='ocr_line' id='line_1_31' title="bbox 164 2524 1768 2598; baseline 0.001 -17"><span class='ocrx_word' id='word_1_193' title='bbox 164 2525 399 2598; x_wconf 87' lang='lat' dir='ltr'><strong>sponsio,</strong></span> <span class='ocrx_word' id='word_1_194' title='bbox 429 2541 566 2598; x_wconf 89' lang='lat' dir='ltr'><strong>quos</strong></span> <span class='ocrx_word' id='word_1_195' title='bbox 584 2524 754 2582; x_wconf 89' lang='lat' dir='ltr'><strong>cultae</strong></span> <span class='ocrx_word' id='word_1_196' title='bbox 771 2524 916 2581; x_wconf 89' lang='lat' dir='ltr'><strong>decet</strong></span> <span class='ocrx_word' id='word_1_197' title='bbox 934 2526 1202 2584; x_wconf 73' lang='lat' dir='ltr'><strong>adsedisse</strong></span> <span class='ocrx_word' id='word_1_198' title='bbox 1216 2524 1447 2597; x_wconf 83' lang='lat' dir='ltr'><strong>puellae;</strong></span> <span class='ocrx_word' id='word_1_199' title='bbox 1688 2536 1768 2582; x_wconf 81' lang='lat'><strong>2⁰0</strong></span> 
     </span>
    </p>
   </div>
   <div class='ocr_carea' id='block_1_3' title="bbox 42 2599 1430 2673">
    <p class='ocr_par' dir='ltr' id='par_1_8' title="bbox 42 2599 1430 2673">
     <span class='ocr_line' id='line_1_32' title="bbox 42 2599 1430 2673; baseline 0 -17"><span class='ocrx_word' id='word_1_200' title='bbox 42 2639 43 2646; x_wconf 21' lang='grc' dir='ltr'><strong>κ</strong></span> <span class='ocrx_word' id='word_1_201' title='bbox 165 2606 406 2673; x_wconf 87' lang='lat' dir='ltr'><strong>spectent</strong></span> <span class='ocrx_word' id='word_1_202' title='bbox 421 2600 523 2654; x_wconf 92' lang='lat' dir='ltr'><strong>hoc</strong></span> <span class='ocrx_word' id='word_1_203' title='bbox 546 2606 739 2671; x_wconf 86' lang='lat' dir='ltr'><strong>nuptae</strong></span> <span class='ocrx_word' id='word_1_204' title='bbox 757 2599 907 2654; x_wconf 85' lang='lat' dir='ltr'><strong>iuxta</strong></span> <span class='ocrx_word' id='word_1_205' title='bbox 925 2601 1207 2658; x_wconf 83' lang='lat' dir='ltr'><strong>recubante</strong></span> <span class='ocrx_word' id='word_1_206' title='bbox 1224 2600 1430 2666; x_wconf 85' lang='lat' dir='ltr'><strong>marito,</strong></span> 
     </span>
    </p>
   </div>
   <div class='ocr_carea' id='block_1_4' title="bbox 162 2673 1591 2810">
    <p class='ocr_par' dir='ltr' id='par_1_9' title="bbox 162 2673 1591 2810">
     <span class='ocr_line' id='line_1_33' title="bbox 165 2673 1591 2748; baseline 0.001 -17"><span class='ocrx_word' id='word_1_207' title='bbox 165 2674 311 2748; x_wconf 90' lang='lat' dir='ltr'><strong>quod</strong></span> <span class='ocrx_word' id='word_1_208' title='bbox 330 2673 529 2746; x_wconf 87' lang='lat' dir='ltr'><strong>pudeat</strong></span> <span class='ocrx_word' id='word_1_209' title='bbox 547 2690 786 2728; x_wconf 86' lang='lat' dir='ltr'><strong>narrasse</strong></span> <span class='ocrx_word' id='word_1_210' title='bbox 804 2673 1037 2745; x_wconf 86' lang='lat' dir='ltr'><strong>aliquem</strong></span> <span class='ocrx_word' id='word_1_211' title='bbox 1057 2674 1420 2747; x_wconf 75' lang='lat' dir='ltr'><strong>praesentibus</strong></span> <span class='ocrx_word' id='word_1_212' title='bbox 1439 2675 1591 2748; x_wconf 76' lang='lat' dir='ltr'><strong>ipsis.</strong></span> 
     </span>
     <span class='ocr_line' id='line_1_34' title="bbox 162 2748 1468 2810; baseline 0.002 -4"><span class='ocrx_word' id='word_1_213' title='bbox 162 2751 355 2807; x_wconf 85' lang='lat' dir='ltr'><strong>Nostra</strong></span> <span class='ocrx_word' id='word_1_214' title='bbox 371 2748 522 2806; x_wconf 86' lang='lat' dir='ltr'><strong>bibat</strong></span> <span class='ocrx_word' id='word_1_215' title='bbox 540 2764 763 2806; x_wconf 83' lang='lat' dir='ltr'><strong>vernum</strong></span> <span class='ocrx_word' id='word_1_216' title='bbox 783 2755 1041 2806; x_wconf 82' lang='lat' dir='ltr'><strong>contracta</strong></span> <span class='ocrx_word' id='word_1_217' title='bbox 1059 2748 1285 2810; x_wconf 80' lang='lat' dir='ltr'><strong>cuticula</strong></span> <span class='ocrx_word' id='word_1_218' title='bbox 1303 2749 1468 2810; x_wconf 70' lang='lat' dir='ltr'><strong>solem</strong></span> 
     </span>
    </p>
   </div>
  </div>
 </body>
</html>
