2209 3217
478 586 530 628 ³0

474 957 527 1001 ⁸5

475 1322 528 1369 40

475 1692 528 1739 45

586 251 653 306 20
1055 253 1063 261 ’
1137 257 1198 303 A.
1242 254 1503 302 PERsu

586 361 665 419 ut,
687 361 947 426 quantum
966 354 1102 409 mihi
1121 361 1173 409 te
1190 354 1407 424 sinuoso
1424 355 1482 408 in
1501 359 1704 424 pectore
1727 352 1843 419 fixi,

589 444 714 482 voce
731 428 938 482 traham
955 445 1110 499 pura,
1133 435 1411 500 totumque
1434 428 1535 482 hoc
1553 427 1713 482 verba
1732 428 2028 502 resignent,

587 500 733 573 quod
751 501 873 556 latet
890 519 1076 557 arcana
1095 519 1203 557 non
1221 501 1513 556 enarrabile
1532 501 1680 554 fibra.

660 574 841 640 Quum
859 576 1095 646 primum
1114 574 1309 646 pavido
1326 575 1644 629 custosmihi
1655 591 1891 645 purpura
1900 576 2077 641 cessit,

587 648 840 720 bullaque
854 649 1136 704 succinctis
1156 648 1357 704 laribus
1375 648 1565 703 donata
1584 647 1834 718 pependit
1850 667 1865 716 ς

588 740 762 793 quum
785 721 968 777 blandi
987 721 1221 796 comites,
1245 729 1458 793 totaque
1475 722 1696 791 impune
1712 720 1954 778 Suburra

583 796 827 869 permisit
842 796 1098 867 sparsisse
1117 794 1296 851 oculos
1320 796 1427 850 iam
1445 794 1702 849 candidus
1725 796 1919 864 umbo;

587 886 867 942 quumque
886 870 984 924 iter
1000 870 1315 943 ambiguum
1332 876 1428 934 est,
1449 877 1501 924 et
1519 869 1656 924 vitae
1674 870 1886 926 nescius
1903 887 2051 926 error

583 945 788 999 diducit
803 943 1032 1014 trepidas
1057 961 1264 999 ramosa
1280 945 1339 998 in
1356 943 1583 1015 compita
1601 951 1832 1000 mentes:

584 1035 671 1073 me
690 1017 788 1073 tibi
807 1018 1087 1089 supposui.
1146 1019 1372 1073 Teneros
1391 1023 1449 1071 tu
1467 1017 1695 1087 suscipis
1715 1034 1882 1073 annos

584 1091 859 1157 Socratico,
883 1091 1134 1157 Cornute‚·
1152 1092 1297 1147 sinu.
1354 1093 1504 1146 Tunc
1520 1090 1697 1145 fallere
1715 1092 1901 1147 sollers

583 1166 820 1236 adposita
838 1166 1058 1221 intortos
1075 1165 1311 1221 extendit
1327 1165 1509 1238 regula
1532 1181 1724 1229 mores,

584 1247 637 1294 et
653 1240 912 1310 premitur
927 1241 1128 1295 ratione
1145 1238 1359 1295 animus
1378 1239 1628 1310 vincique
1650 1238 1870 1305 laborat,

583 1313 943 1384 artificemque
961 1321 1055 1369 tuo
1077 1314 1227 1368 ducit
1243 1314 1349 1368 sub
1370 1312 1556 1384 pollice
1578 1311 1811 1368 vultum.

584 1389 778 1442 Tecum
799 1387 992 1442 etenim
1011 1387 1200 1461 longos
1217 1387 1437 1442 memini
1455 1402 1762 1441 consumere
1785 1387 1943 1454 soles,

583 1469 634 1517 et
651 1469 825 1515 tecum
842 1462 1043 1532 primas
1061 1461 1235 1532 epulis
1252 1462 1524 1533 decerpere
1540 1468 1731 1516 noctes.

585 1536 764 1591 Unum
783 1550 919 1606 opus
936 1543 987 1590 et
1004 1536 1243 1607 requiem
1261 1535 1454 1607 pariter
1472 1535 1806 1607 disponimus
1825 1536 2003 1601 ambe,

585 1617 745 1681 atque
769 1609 1063 1666 verecunda
1080 1609 1327 1666 laxamus
1351 1610 1487 1665 seria
1504 1626 1709 1664 mensa.

582 1685 701 1739 Non
720 1683 968 1755 equidem
985 1685 1085 1740 hoc
1100 1684 1329 1751 dubites,
1360 1685 1640 1739 amborum
1659 1683 1866 1740 foedere
1881 1694 2025 1740 certo

583 1759 877 1814 consentire
894 1759 1024 1824 dies,
1046 1767 1099 1814 et
1116 1759 1185 1814 ab
1201 1775 1311 1814 uno
1329 1759 1500 1813 sidere
1516 1757 1658 1812 duci.

582 1835 771 1900 Nostra
790 1833 875 1890 vel
899 1834 1107 1907 aequali
1132 1832 1410 1905 suspendit
1431 1839 1664 1903 tempora
1683 1832 1842 1887 Libra

583 1909 740 1962 Parca
761 1915 917 1963 tenax
935 1909 1066 1972 veri,
1090 1925 1187 1963 seu
1206 1914 1325 1962 nata
1346 1906 1591 1961 fidelihus
1609 1905 1740 1961 hora

583 1981 776 2036 dividit
793 1980 850 2035 in
869 1980 1123 2036 Geminos
1144 1980 1417 2036 concordia
1437 1979 1540 2035 fata
1556 1980 1804 2044 duorum,

477 2065 529 2108 5⁰
578 2053 982 2125 Saturnumque
998 2071 1217 2127 gravem
1237 2062 1414 2109 nostro
1432 2056 1554 2110 Iove
1574 2053 1873 2127 frangimus
1901 2070 2026 2118 una.

477 2509 528 2552 55

586 2127 775 2185 Nescio
821 2128 966 2199 quod
1013 2135 1151 2183 certe
1195 2135 1292 2194 est,
1341 2128 1487 2200 quod
1530 2144 1615 2183 me
1651 2128 1749 2182 tibi
1790 2135 2073 2200 temperat,

659 2274 805 2330 Mille
821 2276 1102 2332 hominum
1128 2277 1344 2350 species,
1368 2210 1620 2331 §alferi-luam
1628 2231 1866 2331 discolor
1882 2264 2040 2332 mus.

583 2348 731 2405 Velle
748 2367 912 2406 suum
929 2353 1127 2423 cuique
1144 2359 1241 2416 est,
1266 2367 1363 2407 nec
1383 2357 1505 2405 voto
1526 2350 1726 2405 vivitur
1741 2366 1868 2405 uuo.

583 2424 849 2480 Mercibus
874 2425 963 2480 hic
984 2426 1130 2480 Italis
1149 2433 1319 2480 mutat
1342 2425 1446 2480 sub
1465 2424 1576 2479 sole
1597 2424 1789 2478 recenti

583 2517 624 2626 11¹
616 2515 685 2625 ‘¹⁸10
689 2515 841 2626 ⁰33
855 2517 982 2627 ¹:3⁰
983 2518 1010 2554 r
1024 2498 1610 2645 S‘ssssffffssfiff‘gffioe'mss'
1607 2497 1823 2626 33:311,-

584 2645 675 2700 hic
691 2662 881 2715 campo
898 2591 1163 2719 inffiqlgw
1204 2645 1350 2701 hunc
1368 2646 1478 2701 alea
1496 2645 1766 2718 decoquit:
1808 2612 1903 2701 {ne

587 2719 646 2774 in
666 2715 919 2775 Venerem
937 2727 1018 2774 est
1036 2719 1238 2791 putris:
1281 2718 1376 2774 sed
1393 2713 1565 2791 quum
1583 2718 1819 2791 lapidosa
1836 2721 2081 2796 chiragra

2197 529 2203 838 †
