2209 3217
721 291 1011 339 SATIRA
1043 294 1135 339 lv.
1592 291 1656 342 53

183 389 374 446 Felices
393 404 712 460 proavorum
732 397 928 456 atavos,
952 389 1124 446 felicia
1141 392 1283 446 dicas

183 464 401 530 saecula,
427 482 563 536 quae
582 466 852 536 quondam
871 466 974 520 sub
993 465 1209 539 regibus
1227 473 1383 537 atque
1398 470 1623 526 tribunis

182 541 426 595 viderunt
442 556 550 596 uno
565 547 862 595 contentam
879 557 1081 595 carcere
1099 542 1345 596 Romam.

252 614 345 669 His
364 614 494 668 alias
511 622 743 685 poteram
763 622 813 670 et
830 616 1009 687 plures
1029 616 1337 671 subnectere
1352 630 1562 671 causas:
1691 629 1769 672 315

184 689 271 745 sed
290 689 529 744 iumenta,
543 697 744 755 vocant,
769 697 820 745 et
838 690 916 745 sol
938 690 1180 746 inclinat:
1221 689 1460 745 eundum
1480 697 1576 745 ent.

181 767 314 820 Nam
338 763 476 819 mihi
493 773 750 820 commota
768 765 873 819 iam
892 765 1098 821 dudum
1119 766 1287 822 mulio
1296 764 1448 839 virga

182 839 374 894 innuit.
431 838 723 911 Ergovale‚
749 840 912 895 nostri
934 858 1152 905 memor,
1177 849 1244 905 et,
1268 841 1475 913 quoties
1494 846 1545 894 te

182 916 345 969 Roma
365 920 474 978 tuo,
502 913 644 968 refici
662 922 1045 985 properantem,
1075 915 1254 970 reddet
1272 915 1505 988 Aquino,

180 1004 487 1061 mequoque
496 988 562 1043 ad
572 987 847 1046 Helvinam
857 989 1095 1045 Cererem
1106 998 1439 1062 vestramque
1448 990 1668 1043 Dianam
1696 999 1773 1042 320

180 1062 415 1119 convelle
432 1080 465 1117 a
480 1062 685 1119 Cumis.
741 1063 1032 1120 Satirarum
1051 1081 1168 1138 egm
1191 1066 1248 1120 ni
1274 1065 1440 1136 pudet
1457 1062 1594 1128 illae,

181 1139 406 1205 adiutor,
427 1137 628 1211 gelidos
646 1140 858 1198 veniam
880 1139 1136 1214 caligatus
1158 1139 1215 1195 in
1233 1155 1407 1213 agros.

479 1337 482 1344 ’
581 1343 1058 1442 εΑΤίΒΑ
1147 1384 1263 1442 1v.

175 1529 325 1567 ΑΒΘ.
350 1527 532 1568 Primum
556 1529 771 1569 invehitur
787 1531 833 1571 in
852 1532 1100 1582 crispinum,
1117 1532 1189 1584 qui
1206 1545 1259 1571 cx
1276 1545 1391 1578 nervo
1410 1544 1533 1584 oque·
1549 1531 1679 1571 factu·

267 1592 420 1630 fuerat.
451 1593 615 1631 Deinde
641 1590 686 1632 in
710 1594 1004 1641 Domitianum,
1024 1594 1095 1647 qui
1111 1602 1244 1645 patre·
1261 1597 1313 1634 ad
1331 1596 1549 1635 concilium
1570 1608 1667 1633 con-

266 1662 485 1695 vocaverat
506 1669 628 1707 mper
651 1656 816 1696 rhombo
844 1657 1058 1697 immensae
1083 1658 1392 1707 magnitudinis,
1412 1664 1458 1697 ut
1483 1658 1667 1695 dicerent

268 1719 530 1766 sententiam,
551 1733 601 1758 nn
620 1720 776 1769 integer
795 1722 1024 1771 coquendu-
1043 1727 1165 1765 cnet‚
1176 1733 1228 1759 nn
1243 1721 1286 1759 in
1295 1721 1424 1758 frusta
1434 1726 1579 1757 nectus.
1616 1720 1663 1757 In

267 1796 351 1833 quo
367 1789 411 1820 et
427 1783 681 1831 imperatori·
701 1788 742 1819 et
760 1789 989 1820 senatorum
1007 1782 1185 1821 stultitia
1202 1782 1356 1830 egregie
1376 1782 1546 1819 ridetur.

246 1875 403 1938 Ecce
416 1880 608 1935 iterum
619 1880 896 1951 Crispinus
908 1880 1070 1944 adest,
1088 1879 1220 1934 mihi
1232 1897 1386 1952 saepe
1396 1880 1661 1935 vocandus

175 1958 240 2012 ad
256 1963 460 2030 partes,
483 1962 778 2011 monstrum
800 1955 943 2010 nulla
963 1955 1155 2010 virtute
1173 1954 1463 2012 redemtum

175 2051 205 2086 a
223 2031 392 2094 vitiis,
420 2047 591 2103 aeger,
616 2029 833 2101 solaque
851 2030 1070 2086 libidine
1087 2029 1262 2086 sortis:

174 2106 394 2162 delicias
404 2105 606 2160 .viduae
625 2112 826 2161 tantum
846 2113 1152 2177 aspernatur
1171 2106 1391 2162 adulter.

174 2181 322 2248 Quid
347 2179 499 2235 refert
519 2180 697 2254 igitur,
722 2182 933 2253 q'uantis
955 2183 1186 2238 iumenta
1207 2179 1387 2256 fatiget
1677 2191 1681 2196 ’
1753 2192 1775 2233 5

173 2254 507 2327 porticibus?
541 2265 735 2328 quanta
765 2275 1039 2313 nemorum
1057 2265 1287 2314 vectetur
1306 2257 1361 2312 in
1383 2253 1611 2311 umbra?

173 2332 363 2405 iugera
383 2338 513 2402 quot
528 2330 702 2387 vicina
719 2330 865 2387 foro?
901 2350 1036 2405 quas
1061 2333 1246 2387 emerit
1262 2330 1451 2386 aedes‘?

173 2407 350 2461 Nemo
367 2405 541 2461 malus
559 2405 712 2476 felix3
754 2408 975 2463 minime
993 2416 1262 2477 corruptor
1282 2413 1330 2460 et
1351 2404 1491 2459 idem

172 2481 433 2545 incestae,
454 2498 578 2535 cum
597 2498 705 2553 quo
726 2499 892 2552 nuper
909 2482 1090 2537 vittata
1112 2480 1311 2535 iacebat

172 2556 443 2630 sanguine
462 2555 634 2610 adhuc
652 2558 776 2611 vivo
793 2563 984 2610 terram
1004 2556 1181 2610 subitu
1189 2569 1243 2608 ra
1263 2552 1517 2609 sacerdos,
1728 2564 1777 2605 w

171 2630 283 2686 Sed
306 2647 450 2701 nunc
467 2630 532 2685 de
551 2629 700 2684 factis
718 2628 1032 2684 levioribus:
1076 2636 1317 2683 ettamen
1340 2626 1467 2684 alter

170 2706 221 2760 si
240 2704 452 2761 fecisset
471 2704 631 2769 idem,
652 2703 852 2759 caderet
871 2704 974 2757 sub
993 2703 1165 2759 iudice
1184 2721 1412 2760 morum.

172 2782 320 2837 Nam
340 2781 486 2855 quod
504 2787 657 2852 turpe
674 2779 847 2845 boniS,
871 2779 1007 2834 Titio
1025 2778 1265 2852 Seioque,
1287 2779 1500 2836 decebat
