2209 3217
745 263 1035 311 sATIRA
1069 263 1155 310 v1.
1622 262 1688 316 ’79

198 361 335 415 Nam
356 360 404 414 si
423 361 694 426 constituit
711 360 971 433 solitoque
986 361 1256 416 decentius
1272 373 1414 434 optat

197 434 392 495 ornari,
415 442 466 489 et
490 447 747 507 properat,
777 436 993 507 iamque
1017 442 1346 505 exspectatur
1363 439 1419 493 in
1440 441 1622 505 bortis,

198 516 291 564 aut
307 508 451 579 apud
469 510 662 564 Isiacae
678 509 853 581 potius
872 511 1097 565 sacraria
1116 509 1292 576 lenae;
1756 549 1764 557 -

197 583 463 653 componit
484 585 685 638 crinem
703 582 937 642 laceratis
959 586 1073 655 ipsa
1091 582 1296 655 capillis
1714 598 1793 644 490

197 657 342 712 nuda
359 657 613 712 humeros
631 659 815 713 Psecas
835 658 1038 722 infelix,
1063 658 1333 730 nudisque
1348 660 1614 717 mamillis.

198 731 368 786 Altior
383 735 468 786 hic
486 749 651 800 quare
670 732 979 800 cincinnus?
1017 734 1216 788 Taurea
1239 733 1397 805 punit

196 806 446 860 continuo
464 804 585 860 flexi
603 806 802 862 crimen
823 806 1132 879 facinusque
1148 806 1344 879 capilli.

198 878 337 945 Quid
350 881 534 933 Psecas
550 879 800 936 admisit?
837 897 1097 952 quaenam
1106 889 1186 937 est
1194 882 1281 937 hic
1288 881 1372 937 cul
1377 899 1442 954 pa
1455 882 1673 954 puellae,

197 954 244 1007 si
261 953 359 1007 tibi
378 953 648 1024 displicuit
670 972 835 1010 nasus
854 955 1015 1011 tuus?
1048 956 1225 1012 Altera
1243 956 1455 1012 laevum
1715 968 1794 1014 49⁵

195 1027 430 1083 extendit
450 1029 708 1101 pectitque
719 1045 896 1085 comas
912 1037 963 1085 et
977 1030 1151 1088 ’volvit
1171 1031 1226 1086 in
1245 1032 1447 1086 orbem.
1497 1068 1507 1080 ·

194 1102 293 1157 Est
310 1102 369 1156 in
385 1103 604 1159 consilio
621 1112 878 1171 matrona,
900 1105 1217 1176 admotaque
1235 1105 1388 1171 lanis,

195 1176 410 1231 emerita
428 1194 565 1249 quae
587 1187 756 1234 cessat
774 1196 896 1235 acu:
938 1180 1194 1236 sententia
1213 1179 1385 1249 prima

195 1250 363 1307 huius
380 1251 505 1307 erit:
545 1261 664 1324 post
681 1253 819 1307 hanc
836 1260 999 1310 aetate
1017 1260 1176 1324 atque
1192 1259 1303 1307 arte
1320 1254 1549 1311 minores

194 1326 501 1392 censebunt,
522 1333 799 1399 tamquam
815 1326 983 1384 famae
1000 1327 1285 1384 discrimen
1306 1339 1492 1401 agatur
1715 1344 1792 1387 50⁰

195 1408 290 1454 aut
309 1401 538 1468 animae;
581 1409 723 1456 tanta
742 1409 821 1457 est
837 1401 1124 1474 quaerendi
1142 1419 1267 1458 cura
1285 1403 1505 1460 decoris.

194 1475 295 1529 Tot
312 1475 500 1544 premit
514 1475 808 1541 ordinibus,
833 1484 908 1532 tot
924 1478 1100 1533 adhuc
1118 1479 1464 1551 compagibus
1484 1479 1650 1535 altum

195 1548 432 1604 aedificat
451 1558 625 1622 caput.
676 1551 1079 1610 Andromachen
1096 1571 1128 1609 a
1146 1552 1313 1608 fronte
1336 1553 1572 1609 videbis:

192 1630 315 1694 post
332 1623 506 1677 minor
522 1632 626 1680 est:
668 1625 826 1681 aliam
844 1628 1045 1684 credas.
1105 1627 1262 1692 Cedo,
1287 1627 1334 1681 si
1353 1628 1514 1682 breve
1533 1629 1686 1698 parvi

193 1698 376 1752 sortita
393 1705 472 1752 est
490 1697 663 1753 lateris
681 1700 930 1769 spatium,
953 1700 1269 1769 breviorque
1286 1699 1496 1754 videtur
1621 1743 1630 1752 .
1716 1712 1793 1753 505

192 1772 405 1845 virgine
423 1773 702 1843 Pygmaea,
728 1771 891 1826 nullis
910 1771 1087 1826 adiuta
1110 1771 1401 1834 cothurnis,

193 1854 244 1902 et
264 1846 403 1901 levis
423 1850 588 1898 erecta
605 1843 875 1915 consurgit
891 1844 960 1898 ad
976 1841 1155 1898 oscula
1179 1842 1394 1913 planta?

265 1917 433 1974 Nulla
453 1915 556 1971 viri
571 1932 699 1970 cura
719 1917 930 1981 interea,
952 1932 1048 1972 nec
1071 1916 1267 1970 mentio
1284 1915 1371 1971 fiet

193 1995 545 2051 damnorum:
586 1990 721 2047 vivit
739 1997 1011 2063 tamquam
1029 1989 1202 2047 vicina
1221 1991 1427 2055 marito,

192 2070 297 2124 hoc
313 2066 427 2122 solo
444 2066 670 2138 propior,
693 2065 838 2137 quod
856 2066 1052 2122 amicos
1070 2066 1311 2140 coniugis
1328 2066 1439 2122 odit
1717 2079 1793 2121 510

194 2152 246 2199 et
265 2158 464 2206 servos,
487 2141 667 2214 gravis
684 2148 764 2197 est
787 2141 1097 2198 rationibus.
1162 2141 1300 2197 Ecce
1314 2140 1535 2202 furentis

191 2216 437 2272 Bellonae
455 2217 743 2289 matrisque
761 2217 929 2272 Deum
945 2217 1139 2272 chorus
1158 2216 1315 2272 intrat
1335 2224 1390 2271 et
1408 2216 1597 2288 ingens

194 2290 432 2356 semivir,
457 2290 711 2347 obscoeno
730 2290 885 2356 facies
906 2291 1188 2348 reverenda
1205 2290 1418 2353 minori,

195 2364 377 2421 mollia
394 2364 488 2437 qui
508 2373 658 2437 rupta
679 2367 844 2422 secuit
860 2365 1108 2439 genitalia
1124 2372 1255 2422 testa

196 2441 307 2494 iam
326 2438 547 2510 pridem,
569 2441 656 2495 cui
679 2457 834 2496 rauca
853 2441 1057 2504 cohors,
1079 2439 1169 2494 cui
1184 2446 1439 2512 tympana
1458 2437 1652 2494 cedunt
1716 2450 1792 2512 535

194 2513 418 2586 plebeia,
443 2521 494 2568 et
512 2514 743 2588 Phrygia
761 2516 983 2583 vcstitur
998 2515 1165 2569 bucca
1182 2513 1334 2567 tiara.

194 2587 413 2643 Grande
425 2596 576 2643 sonat
592 2588 863 2659 metuique
881 2588 1026 2643 iubet
1042 2586 1364 2659 Septembris
1382 2594 1432 2642 et
1452 2587 1626 2645 Austri

195 2661 502 2727 adventum,
527 2663 632 2717 nisi
651 2680 709 2718 sc
724 2669 934 2718 ccntum
955 2660 1256 2716 lustraverit
1270 2662 1386 2718 ovis

194 2745 247 2793 et
265 2736 650 2808 xerampelinas
668 2744 864 2793 veteres
887 2736 1162 2794 donaverit
1181 2736 1300 2809 ipsi,
