2209 3217
467 259 529 311 46
1007 264 1074 312 Α.
1121 262 1378 309 PERSII

430 376 436 382 ·
463 363 558 419 His
576 362 805 440 populus
825 363 983 420 ridet:
1023 363 1361 435 multumque
1378 370 1548 420 torosa
1567 362 1815 418 iuventus

465 438 756 513 ingeminat
770 439 1021 495 tremulos
1041 456 1169 494 naso
1187 439 1445 509 crispante
1461 437 1763 493 cachinnos.
1783 468 1864 480 -—

537 514 768 581 Inspice:
805 518 977 569 nescio
994 518 1122 583 quid
1140 517 1364 581 trepidat
1373 517 1697 581 mihipectua,
1713 515 1952 583 omem-is

462 591 701 658 faucibus
718 593 941 643 emendat
958 592 1139 657 yravis
1154 591 1376 656 halitua3
1413 592 1625 655 inspico,
1645 591 1821 642 sodes·-

356 673 410 715 90
465 663 560 735 qui
578 662 705 717 dicit
721 663 939 727 medico,
963 663 1145 717 iussus
1162 661 1501 734 requiescere,
1523 669 1806 734 postquam

463 737 611 793 tertia
634 738 946 809 compositas
963 736 1097 792 vidit
1112 754 1221 792 nox
1238 753 1443 792 currere
1460 753 1643 802 venae,

464 811 531 868 de
548 812 745 867 maiore
759 812 915 867 domo
933 811 1136 867 modice
1153 811 1358 866 sitiente
1380 809 1564 884 lagena

467 885 603 942 lenia
623 886 792 942 loturo
807 886 911 942 sibi
929 886 1237 943 Surrentina
1256 887 1467 960 rogavit.
1488 916 1565 929 -

465 964 644 1017 »Heus
660 961 815 1028 bone,
844 969 903 1017 tu
929 960 1141 1036 pellem«
1158 992 1234 1003 —
1250 962 1400 1017 Nihil
1417 969 1599 1089 eat.d—-
1622 961 1851 1017 »Videas
1868 970 1955 1018 ta-

1265 1052 1388 1090 men
1407 1035 1511 1090 istu
1554 1076 1569 1100 ,

359 1121 411 1163 95
466 1110 733 1183 quidquid
758 1110 813 1166 id
833 1120 936 1168 est:
977 1111 1152 1185 surgit
1170 1109 1317 1166 tacite
1333 1109 1428 1164 tibi
1453 1109 1591 1166 lutea
1611 1109 1905 1182 pellian—

464 1187 532 1241 At
551 1193 607 1239 tu
624 1190 848 1242 deterius
859 1189 1056 1256 palles.-
1092 1205 1157 1242 ne
1172 1191 1247 1242 sia
1264 1188 1389 1240 mihi
1407 1194 1574 1241 tutor:

468 1268 577 1315 iam
590 1265 795 1328 pridem
811 1265 946 1317 hunc
961 1264 1147 1332 sepeli:
1189 1271 1247 1317 tu
1263 1269 1443 1317 restae.
1463 1290 1540 1302 --
1571 1260 1786 1333 »Pei-ge,
1811 1267 1953 1317 tace-

1336 1377 1350 1390 .
1368 1355 1395 1389 C
1417 1365 1496 1378 ¹·-

466 1407 734 1483 Turgidus
751 1408 839 1463 hic
856 1409 1027 1481 epulis
1046 1418 1205 1482 atque
1222 1409 1343 1465 albo
1367 1418 1546 1465 ventre
1565 1408 1786 1474 lavatur,

466 1491 677 1558 gutture
718 1483 977 1540 sulfureas
995 1484 1133 1541 lente
1148 1483 1424 1542 exhalante
1440 1484 1725 1556 mephites:

360 1568 439 1612 100
467 1557 560 1616 sed
574 1565 766 1613 tremor
783 1559 918 1614 inter
935 1559 1059 1615 vina
1078 1559 1239 1624 subit,
1266 1558 1603 1632 calidumque
1621 1559 1868 1616 trientem

446 1631 709 1690 'excutite
725 1633 1000 1690 manibus:
1040 1634 1221 1690 dentes
1240 1651 1483 1705 crepuere
1499 1633 1701 1690 retecti:

467 1715 624 1764 uncta
640 1707 836 1763 cadunt
854 1706 988 1763 laxis
1005 1717 1133 1765 tunc
1155 1707 1501 1781 pulmentaria
1519 1707 1681 1765 labris
1698 1729 1712 1764 :
1871 1753 1878 1758 .

466 1783 594 1839 hmo
613 1783 754 1849 tuba,
776 1782 1052 1841 candelae:
1089 1782 1409 1856 tandemque
1425 1783 1667 1839 beatulus
1684 1782 1791 1839 alto

467 1859 787 1930 compositus
804 1857 950 1922 lecto,
971 1858 1269 1932 crassisque
1282 1857 1476 1914 lutatus
1495 1858 1738 1925 amomis,

360 1942 439 1987 105
468 1933 524 1988 in
544 1940 746 2005 portam
765 1933 962 2018 rigidos
979 1933 1146 1989 calces
1166 1933 1430 1989 extendit:
1473 1941 1526 1988 at
1543 1933 1697 1989 illum

468 2007 696 2063 hesterni
721 2015 888 2078 capite
904 2007 1091 2065 induto
1107 2008 1316 2063 subiere
1333 2007 1580 2075 Quirites.
1597 2037 1676 2052 —-·

542 2100 569 2134 n
581 2083 759 2154 Tange
800 2081 964 2137 miser
999 2099 1190 2147 venas,
1224 2091 1276 2139 et
1318 2099 1455 2155 pone
1493 2083 1550 2138 in
1582 2091 1786 2155 pectore
1821 2085 1959 2148 dex-

1265 2164 1400 2213 tram
1414 2157 1466 2212 1«
1487 2187 1567 2201 --

469 2231 564 2304 Nil
591 2233 722 2285 calet
754 2232 855 2285 hic.
881 2260 957 2273 —·
990 2248 1376 2304 »summosque
1402 2232 1559 2304 pedes
1587 2232 1802 2308 adtinge
1838 2252 1959 2292 ma-

1271 2324 1345 2362 nu
1414 2324 1538 2362 ue.«
1559 2337 1636 2349 —

468 2379 588 2437 Non
603 2384 813 2451 sriyent.
833 2408 911 2423 -—
927 2379 1052 2436 Visa
1071 2389 1151 2437 est
1167 2382 1214 2436 si
1229 2324 1614 2454 fot-tesgecunia⁹
1633 2380 1749 2439 sive

361 2465 440 2508 110
467 2453 690 2509 candida
708 2454 869 2511 vicini
886 2455 1108 2511 subrisit
1126 2455 1284 2513 molle
1301 2456 1497 2530 puella,

471 2545 558 2583 cor
577 2528 674 2582 tibi
698 2530 796 2585 rite
813 2528 973 2585 salit?
989 2561 1067 2572 —
1083 2531 1319 2586 Positum
1339 2539 1417 2586 est
1435 2531 1639 2605 algente
1654 2531 1827 2589 catino

469 2601 666 2660 durum
685 2603 822 2670 olus,
844 2612 896 2660 et
911 2604 1092 2680 populi
1113 2605 1286 2661 cribro
1301 2605 1541 2662 discussa
1559 2604 1756 2663 farina:

470 2682 732 2733 tentemus
756 2676 951 2734 fauces.
1010 2680 1209 2735 Tenero
1231 2679 1351 2735 latet
1368 2679 1520 2735 ulcus
1538 2681 1593 2736 in
1611 2697 1701 2735 ore

473 2759 646 2824 putre,
668 2750 815 2825 quod
833 2751 977 2808 haud
993 2752 1171 2810 deceat
1186 2753 1389 2826 plebeia
1409 2754 1590 2810 radere
1604 2754 1740 2809 beta.

2059 335 2126 482 X„
