2209 3217
720 221 1003 268 SATIRA
1038 223 1082 268 1.
1609 218 1644 272 7

68 379 71 434 1
149 318 919 467 ἔξᾍᾟῖἒῖἰὲἔξέἕῧῖᾜεέἓῗὲ
935 321 1550 468 ρὲἶῃὲῗὲῗιὲἐὲῗωω
1700 333 1752 377 ³⁰

151 471 273 526 Heio
283 469 797 541 aliqui8‚cuioiroum
808 471 1056 526 humeros
1064 470 1404 545 hyacinthina
1417 471 1561 527 laena
1571 482 1667 538 aet,

154 544 492 600 rancidulum
512 543 768 616 quiddam
796 545 953 600 balba
971 546 1037 600 de
1056 562 1182 600 nare
1199 544 1424 610 locutus,

152 618 445 694 Phyuidas,
465 617 803 694 Hypsipylae,
826 627 1008 675 vatum
1026 628 1087 675 et·
1094 620 1348 693 plorabile
1363 622 1412 675 si
1438 622 1585 693 quid,

150 694 367 767 eliquat,
395 710 458 748 ac
476 700 652 748 tenero
670 694 972 765 supplantat
985 696 1147 750 verba
1166 694 1356 766 palato.
1694 707 1745 751 35

151 771 442 825 Assensere
460 768 669 822 viri.—-
686 770 839 824 Nunc
858 786 961 825 uon
981 770 1116 825 cinis
1136 770 1228 824 ille
1241 778 1420 841 poetae

150 843 312 900 felix?
350 860 458 897 non
478 840 644 897 levior
661 844 848 914 cippus
867 860 1011 899 nuno
1027 844 1285 916 imprimit
1299 844 1543 900 ossa?—

150 918 393 974 Laudant
410 918 678 971 convivae.
697 947 772 958 --
789 919 943 973 Nunc
960 935 1064 973 non
1083 935 1115 973 e
1132 920 1380 975 manibus
1399 919 1522 983 iilis,

150 1009 291 1048 nunc
311 1006 417 1047 non
437 1008 468 1046 e
482 990 691 1046 tumulo
708 990 1069 1065 fortunataque
1088 992 1266 1049 favilla

150 1075 433 1123 nascentur
451 1065 734 1120 violae‘l—
754 1068 922 1133 Rides,
951 1069 1038 1133 ait,
1068 1077 1118 1123 ot
1133 1073 1289 1123 nimia
1306 1072 1457 1123 uncia
1689 1077 1741 1121 4⁰

148 1146 366 1199 naribus
383 1144 640 1210 indulqea.
695 1142 776 1197 An
793 1148 909 1206 erit,
939 1148 1030 1212 qui
1044 1146 1176 1197 vello
1192 1152 1392 1198 recum

148 1235 199 1274 οε
212 1220 404 1288 populi
421 1220 683 1279 meruisse,
706 1225 771 1281 et,
799 1221 951 1272 cedro
969 1221 1129 1286 diqm
1147 1220 1359 1281 locutu-5,

149 1296 383 1363 linquere
399 1308 492 1346 neo
500 1294 758 1346 scombros
764 1296 1038 1346 metuentia
1049 1297 1382 1348 carminarem
1392 1295 1507 1348 thus
1516 1291 1629 1346 ?-

148 1367 408 1439 Quisquis
426 1381 502 1431 es,
523 1381 556 1419 o
570 1365 726 1421 modo
743 1383 904 1439 quem
928 1383 996 1421 ex
1014 1367 1233 1422 adverso
1250 1367 1419 1423 dioere
1435 1366 1554 1431 feci,

149 1460 249 1497 non
270 1447 390 1515 ego,
415 1456 585 1512 quum
605 1440 792 1509 scribo,
817 1442 863 1496 si
884 1440 1012 1496 forte
1030 1441 1161 1514 quid
1186 1443 1358 1514 aptius
1375 1443 1502 1505 exit,
1524 1472 1601 1484 -
1685 1449 1737 1495 45

146 1516 360 1589 quando
386 1515 516 1569 haee
546 1532 661 1569 rara
680 1517 792 1571 avis
819 1525 915 1583 est,
937 1548 1013 1559 —
1038 1517 1241 1589 siquid
1258 1525 1432 1572 tamen
1452 1517 1625 1588 aptius

944 1592 1070 1657 exit,

149 1664 348 1721 laudari
369 1670 631 1720 metuam:
676 1682 847 1737 neque
862 1667 1003 1721 enim
1027 1665 1161 1719 mihi
1181 1682 1366 1721 oornea
1377 1665 1622 1721 fibraest:

149 1741 235 1795 sed
255 1739 381 1795 recti
405 1737 671 1809 finemque
687 1749 1088 1810 extremumque
1106 1756 1222 1793 esse
1237 1755 1420 1793 recuso

149 1815 288 1884 Enyo
303 1821 460 1869 tuum
479 1819 531 1867 et
549 1813 709 1867 Bello.
767 1816 901 1867 Nam
920 1815 1063 1868 Belle
1080 1812 1180 1866 hoc
1195 1819 1378 1867 excute
1393 1819 1588 1868 totum:

146 1889 276 1959 quid
295 1905 403 1943 non
423 1888 570 1942 intus
589 1886 780 1942 habet?
816 1889 930 1942 Non
950 1885 1066 1941 heic
1078 1895 1159 1941 est
1180 1886 1301 1942 Ilias
1319 1888 1440 1943 Αοοί
1684 1900 1734 1944 5⁰

144 1963 284 2018 ebria
304 1960 545 2018 veratro?
583 1977 687 2016 non
707 1961 877 2034 siqua
896 1960 943 2016 el
1014 1961 1115 2016 ’dia
1132 1961 1282 2017 crudi
1317 1965 1320 1972 '

143 2037 409 2093 dictarunt
425 2034 702 2108 prooeroe‘?
739 2054 843 2092 non
862 2037 956 2108 qui
994 2036 1127 2109 quid
1142 2037 1370 2109 denique
1386 2037 1531 2094 lectis

142 2113 394 2167 scribitur
413 2112 470 2166 in
489 2109 784 2166 citreis‘P—
801 2111 1044 2168 Calidum
1060 2112 1165 2167 sois
1182 2130 1373 2184 ponere
1389 2127 1608 2168 sumen:

141 2187 246 2242 scis
264 2186 510 2242 comitem
530 2184 862 2243 horridulum
881 2188 1000 2242 trita
1014 2186 1209 2244 donare
1226 2186 1454 2243 lacerna:

140 2270 212 2329 et,
250 2263 478 2318 »Verum
490 2281 538 2326 α,
572 2260 770 2333 inquis,
804 2280 983 2318 »amm
1022 2279 1209 2317 verum
1227 2261 1362 2318 mihi
1379 2261 1537 2317 dicito
1554 2261 1628 2336 de·
1681 2272 1731 2315 55

942 2354 1072 2391 mea
1098 2368 1176 2380 -

139 2410 249 2478 Qui
284 2409 441 2483 pote?
473 2441 552 2453 —
590 2412 683 2467 Vis
727 2410 937 2466 dicam?
997 2411 1228 2538 lflugaris
1244 2452 1259 2474 ,
1301 2426 1474 2481 quum
1502 2408 1617 2474 tibi,

942 2500 1004 2539 ca
1026 2502 1108 2550 ve,

138 2560 365 2634 pinguis
392 2559 725 2631 aqualiculus
740 2575 998 2630 propenso
1013 2556 1326 2630 sesquipede
1343 2566 1527 2614 exstet.
1545 2586 1623 2601 -—
1662 2582 1679 2594 ·

139 2634 193 2691 O
212 2636 351 2699 lane,
376 2650 405 2688 a
426 2644 571 2707 tergo
588 2650 749 2705 quem
767 2631 912 2687 nulla
930 2633 1129 2687 ciconia
1148 2632 1329 2703 pinsit,

140 2725 243 2765 nec
261 2726 454 2766 manus
474 2706 735 2764 auriculas
754 2707 954 2761 imitata
971 2713 1051 2760 est
1067 2705 1278 2761 mobilis
1297 2704 1461 2768 albas²
