2209 3217
561 253 655 308 ⁴52
1079 252 1498 302 IUVENALIS

556 358 819 429 dispersos
842 355 1046 411 trabere
1063 355 1120 410 in
1140 354 1414 427 populum,
1437 354 1664 429 migrare
1680 363 1888 414 vetusto

552 432 621 487 de
636 448 865 496 nemore,
888 437 939 486 et
956 430 1167 503 proavis
1193 430 1449 485 habitatas
1469 429 1709 502 linquere
1724 431 1915 502 silvas3

550 506 823 561 aedificare
846 506 1046 571 domOS,
1070 505 1294 559 Laribus
1312 505 1628 578 coniungere
1646 507 1839 563 nostris
1913 509 1920 516 ’

550 585 745 636 tectum
762 580 925 646 aliud,
948 587 1086 635 tutos
1104 579 1280 634 vicino
1298 578 1482 635 limine
1504 596 1717 636 somnos

444 665 522 709 155
548 662 609 710 ut
624 656 808 713 coliata
825 654 970 710 daret
985 654 1175 709 fiducia
1192 671 1205 722 ;
1246 661 1514 728 protegere
1531 656 1694 709 armis
1745 723 1750 730 ι

551 729 759 802 lapsum
778 738 870 785 aut
887 729 1086 802 ingenti
1103 736 1376 783 nutantem
1400 728 1616 785 vulnere
1629 730 1819 795 civem,

548 805 817 876 communi
836 803 961 859 dare
977 804 1133 878 signa
1149 802 1296 870 tuba,
1319 803 1585 859 defendier
1602 804 1771 860 Isdem

548 880 802 944 turribu3‚
827 885 983 950 atque
999 896 1108 933 una
1125 886 1391 949 portarum
1410 877 1556 934 clave
1572 880 1752 936 teneri.

547 954 651 1009 Sed
668 953 772 1009 iam
790 960 1091 1026 serpentum
1111 953 1278 1008 maior
1299 953 1592 1010 concordia.
1650 954 1818 1011 Parcit
1835 989 1842 996 -

442 1037 520 1081 160
546 1028 780 1102 cognatis
800 1026 1022 1084 maculis
1042 1028 1236 1083 similis
1255 1026 1377 1084 fera.
1439 1027 1664 1095 Quando
1682 1028 1819 1084 leoni

546 1100 725 1158 fortior
743 1103 934 1175 eripuit
951 1103 1116 1158 vitam
1137 1102 1253 1158 leo‘?
1288 1120 1396 1175 quo
1413 1119 1625 1160 nemore
1641 1119 1903 1176 umquam

547 1178 805 1249 expiravit
818 1195 941 1249 aper
960 1178 1172 1233 maioris
1190 1177 1436 1233 dentibus
1453 1176 1605 1248 apri?
1692 1207 1702 1214 -

542 1252 720 1307 Indica
743 1253 893 1325 tigris
912 1253 1021 1325 agit
1039 1252 1221 1307 rabida
1239 1269 1363 1307 cum
1381 1252 1573 1326 tigride
1589 1269 1770 1323 pacem
1836 1244 1844 1253 ’

542 1333 873 1397 perpetuam:
914 1328 1086 1381 saevis
1111 1328 1246 1381 inter
1263 1345 1320 1381 se
1338 1327 1582 1383 convenit
1597 1327 1759 1383 ursis.

435 1407 512 1452 ¹65
539 1400 637 1473 Ast
654 1398 857 1455 homini
874 1399 1072 1456 ferrum
1093 1400 1242 1456 letale
1261 1401 1454 1457 incude
1471 1399 1693 1456 nefanda

540 1472 854 1543 produxisse
863 1488 1052 1542 parum
1062 1482 1145 1528 est
1152 1515 1165 1541 ‚
1190 1491 1360 1544 quum
1370 1483 1534 1530 rastra
1544 1483 1595 1529 et
1602 1473 1808 1529 sarcula
1819 1482 2032 1531 tantum

540 1545 742 1601 adsueti
759 1561 997 1617 coquere,
1020 1553 1088 1609 et,
1115 1547 1304 1608 marris
1329 1563 1389 1602 ac
1406 1563 1616 1602 vomere
1633 1546 1777 1613 lassi,

540 1619 818 1677 nescierint
840 1619 998 1692 primi
1015 1618 1221 1692 gladios
1238 1619 1494 1675 excudere
1510 1620 1676 1674 fabri:

538 1691 861 1764 adspicimus
898 1694 1139 1767 populos,
1164 1710 1395 1766 quorum
1414 1712 1520 1750 non
1539 1693 1734 1749 sufficit
1752 1693 1859 1750 irae

434 1781 512 1824 17⁰
539 1770 790 1827 occidisse
810 1768 1069 1843 aliquem;
1112 1770 1206 1825 sed
1224 1776 1447 1842 pectora,
1474 1769 1708 1835 brachia,
1732 1768 1943 1826 vultum

540 1845 854 1901 crediderint
870 1862 1042 1921 genus
1060 1861 1177 1901 esse
1194 1845 1317 1902 cibi.
1375 1843 1518 1913 Quid
1533 1845 1726 1900 diceret
1740 1861 1884 1919 ergo,

544 1920 625 1976 vel
646 1936 753 1993 quo
771 1937 876 1977 non
894 1919 1114 1995 fugeret,
1138 1920 1186 1975 si
1212 1938 1356 1976 nunc
1371 1920 1499 1976 haec
1517 1927 1751 1975 monstra
1768 1920 1966 1976 videret

541 1996 881 2070 Pythagoras,
903 1996 1107 2051 cunctis
1126 1994 1447 2052 animalibus
1465 1995 1719 2051 abstinuit
1736 1995 1833 2067 qui

542 2078 811 2143 tamquam
842 2070 1075 2137 homine,
1107 2078 1161 2126 et
1191 2070 1360 2127 ventri
1387 2070 1608 2198 ἰῃάιιΙξΡίῐ
1632 2086 1740 2126 non
1767 2085 1925 2150 omne
1954 2070 2031 2125 le-

1342 2163 1539 2219 gumen

932 2343 1411 2402 SATIRA
1469 2341 1653 2401 XVI.

542 2461 690 2500 ARG.
721 2462 788 2500 De
811 2461 1301 2514 praerogativistmilitum
1332 2462 1515 2513 exponit,
1541 2468 1589 2500 ut
1613 2462 1685 2514 qui
1703 2460 1786 2501 aui·
1804 2462 2026 2512 peculiari-

2119 364 2153 406 η

2127 1779 2151 1810 Q

635 2524 709 2563 bu·
740 2526 897 2566 itu-ibu-
931 2534 1119 2575 utantur,
1154 2526 1453 2578 honoribusque
1486 2540 1533 2565 ιο
1564 2524 1753 2578 praemiis
1778 2533 1976 2567 ornentur
2001 2540 2027 2565 ι
2133 2534 2147 2560 1

635 2587 803 2627 ducibus
822 2590 920 2630 uuis.
945 2590 1093 2650 (Satin
1112 2591 1375 2643 suppo-itini·
1390 2589 1586 2640 vicl-tur.)

602 2651 764 2748 ‘Quis
780 2683 1056 2723 numerare
1077 2675 1237 2740 queat
1255 2667 1418 2724 felicis
1441 2665 1691 2740 praemia,
1718 2664 1888 2736 Galle,

542 2735 793 2792 militiae?
827 2742 964 2797 Nam
983 2743 1030 2797 si
1048 2744 1338 2799 subeantur
1354 2759 1598 2816 prospera
1617 2747 1804 2807 castra,
