2209 3217
489 272 552 322 48
1011 262 1434 319 IUVENA'LIS

483 376 530 429 si
549 382 668 446 toga
687 370 956 427 sordidula
974 379 1071 437 est,
1095 379 1146 426 et
1165 380 1316 443 rupta
1334 370 1540 425 calceus
1565 370 1696 424 alter

377 460 454 502 150
482 447 617 520 pelle
638 454 812 518 patet3*
844 446 927 500 vel
948 447 993 499 si
1010 453 1232 500 consuto
1252 445 1467 499 vulnere
1482 461 1721 499 crassum

488 530 646 592 atque
664 537 842 575 recens
867 520 1041 575 linum
1060 518 1287 573 ostendit
1307 533 1413 572 non
1432 537 1538 574 una
1564 519 1799 574 cicatrix.

484 595 571 650 Nil
593 596 749 650 habet
774 593 958 649 infelix
975 600 1254 664 paupertas
1272 592 1464 647 durius
1483 594 1535 648 in
1554 610 1627 655 se,
1929 645 1938 656 ,

485 687 647 741 quam
669 669 813 741 quod
833 667 1083 723 ridiculos
1103 666 1346 721 homines
1364 666 1506 721 facit.
1571 668 1754 733 Exeat,
1781 668 1977 741 inquit,

488 746 535 798 si
554 744 724 814 pudor
742 750 839 808 est,
862 750 915 797 et
934 742 1004 796 de
1016 740 1243 812 pulvino
1264 749 1447 813 surgat
1465 742 1714 813 equestri,

379 829 455 872 155
483 820 640 874 cuiun
656 835 741 872 res
761 817 865 889 legi
884 833 990 870 non
1010 814 1225 881 suflicit,
1248 825 1299 871 et
1316 816 1530 871 sedeant
1546 813 1634 870 hic

488 893 735 948 lenonum
759 891 927 962 pueri,
951 907 1290 961 quocumque
1308 891 1365 945 in
1385 889 1578 946 fornice
1597 892 1725 946 nati.

488 968 586 1022 Hic
605 965 820 1039 plaudat
840 965 990 1019 nitidi
1011 966 1283 1035 praeconis
1302 964 1446 1019 filius
1465 965 1599 1019 inter

491 1041 759 1112 pinnirapi
783 1037 950 1094 cultos
969 1039 1189 1094 iuvenes
1208 1039 1531 1110 iuvenesque
1550 1039 1769 1094 lanistae

491 1115 579 1170 Sic
600 1114 810 1170 libitum
830 1130 984 1178 vanc,
1009 1113 1105 1185 qui
1129 1129 1224 1168 nos
1243 1113 1504 1178 distinxit,
1534 1112 1742 1169 Othoni.

380 1200 459 1244 160
489 1189 621 1256 Quis
638 1206 801 1261 gener
819 1189 907 1243 hic
924 1188 1124 1259 placuit
1141 1204 1303 1242 censu
1324 1186 1497 1241 minor
1515 1195 1673 1258 atque
1690 1188 1899 1259 puellae

491 1263 770 1318 sarcinulis
789 1261 997 1334 impar?
1033 1263 1159 1333 quis
1183 1278 1382 1333 pauper
1401 1261 1649 1316 scribitur
1672 1263 1864 1317 heres?

491 1337 707 1410 quando
725 1337 780 1391 in
804 1336 1026 1391 consilio
1045 1343 1125 1390 est
1143 1335 1453 1390 Aedilibus?
1488 1336 1714 1408 Agmine
1737 1335 1874 1392 facto

488 1412 777 1467 debuerant
800 1409 929 1464 olim
947 1418 1132 1464 tenues
1152 1410 1410 1483 migrasse
1429 1409 1675 1476 Quirites,

487 1486 641 1541 Haud
659 1484 809 1539 facile
823 1490 1119 1557 emergunt,
1144 1500 1374 1555 quorum
1394 1485 1681 1538 virtutibus
1701 1485 1874 1540 obstat

381 1574 460 1617 165
488 1579 571 1616 res
590 1566 815 1633 angusta
833 1557 975 1612 domi
991 1575 1005 1626 3
1048 1557 1143 1612 sed
1161 1559 1358 1613 Romae
1375 1558 1556 1614 durior
1573 1558 1680 1613 illis

490 1643 734 1691 conatus:
777 1649 972 1706 magno
995 1631 1290 1703 hospitium
1308 1632 1623 1698 miserabile,
1646 1651 1843 1708 magno

489 1719 763 1765 servorum
782 1715 1011 1773 ventres,
1033 1714 1084 1762 et
1103 1705 1242 1781 frugi
1260 1708 1478 1763 coenula
1497 1724 1706 1781 magno.

490 1783 768 1841 Fictilibus
787 1799 1004 1837 coenare
1026 1781 1216 1853 pudet3
1258 1782 1404 1855 quod
1428 1790 1582 1854 turpe
1601 1783 1813 1855 negabit

490 1858 774 1915 translatus
801 1857 978 1912 subito
1005 1857 1072 1911 ad
1099 1857 1301 1912 Marsos
1328 1873 1675 1928 mensamque
1692 1856 1981 1924 Sabellam,

381 1945 461 1987 170
490 1940 870 2003 contentusque
889 1932 998 1985 illic
1016 1939 1202 1986 veneto
1219 1931 1459 2003 duroque
1474 1929 1692 1986 culullo.

563 2009 692 2062 Pars
722 2023 916 2079 magna
935 2005 1114 2060 Italiae
1132 2013 1229 2071 est,
1261 2006 1308 2060 si
1337 2022 1524 2061 verum
1544 2005 1897 2072 admittimus,
1924 2008 1984 2064 in

1298 2096 1405 2151 qua
1491 2107 1494 2110 ·

491 2171 649 2210 nemo
665 2162 839 2227 togam
859 2154 1040 2217 sumit,
1067 2154 1172 2208 nisi
1192 2162 1454 2209 mortuus.
1518 2155 1637 2225 Ipsa
1661 2153 1869 2208 dierum

487 2229 740 2285 festorum
761 2227 1189 2285 herbosocolitur
1214 2229 1262 2282 si
1281 2228 1497 2299 quando
1511 2228 1712 2282 theatro

492 2305 755 2369 maiestas,
779 2301 1098 2373 tandemque
1117 2302 1252 2357 redit
1270 2303 1335 2357 ad
1355 2302 1556 2373 pulpita
1579 2309 1763 2356 notum

381 2389 459 2434 175
487 2378 755 2442 exodium,
781 2393 950 2448 quum
972 2393 1225 2447 personae
1239 2376 1484 2448 pallentis
1500 2376 1704 2430 hiatum

489 2453 544 2507 in
564 2452 771 2526 gremio
787 2451 972 2506 matris
989 2450 1236 2507 formidat
1253 2452 1482 2505 rusticus
1502 2448 1677 2505 infans
1693 2468 1705 2516 ς

489 2526 732 2598 aequales
751 2526 966 2582 habitus
984 2525 1094 2580 illic
1112 2525 1421 2597 similesque
1441 2523 1645 2579 videbis

489 2600 807 2655 orchestram
827 2608 878 2655 et
894 2599 1183 2671 populum:
1223 2598 1350 2654 clari
1378 2599 1617 2654 velamen
1637 2598 1871 2664 honoris,

494 2673 768 2728 sufficiunt
786 2674 995 2729 tunicae
1011 2673 1241 2729 summis
1261 2673 1536 2728 Aedilibus
1556 2671 1718 2727 albae.

384 2757 462 2801 180
490 2748 587 2802 Hic
605 2745 743 2801 ultra
768 2747 907 2800 vires
925 2746 1140 2803 habitus
1159 2748 1323 2802 nitor:
1365 2747 1455 2802 hic
1472 2746 1677 2819 aliquid
1697 2745 1842 2818 plue,
